1747 3293
278 1739 294 1763 8

315 228 394 270 106
709 230 1023 267 ΗΡΟΔΟΤΟΥ
1053 229 1098 263 H.
1125 229 1225 264 6-8.
1248 244 1280 263 α.

311 307 497 362 βήκεσαν
521 301 602 359 γὰρ
629 301 703 357 τὴν
725 300 883 356 ἔχθρην
904 298 1359 355 προκαταλυσάμενοι·
1386 297 1577 356 ἐξηλάθη
1597 300 1677 356 γὰρ
1731 330 1732 335 ,

310 370 383 416 ὑπ’
407 370 646 425 Ἱππάρχου
673 372 749 411 τοῦ
775 366 1093 423 Πεισιστράτου
1121 364 1143 409 5
1165 364 1461 423 Ὀνομάκριτος
1487 366 1533 419 ἐξ
1551 365 1679 423 Ἀθη-

311 443 434 489 νέων,
475 435 540 480 ἐπ’
565 434 813 493 αὐτοφώρῳ
851 433 984 485 ἁλοὺς
1022 432 1109 476 ὑπὸ
1142 433 1295 477 Λάσου
1332 438 1410 477 τοῦ
1437 432 1679 492 Ἑρμιονέος

312 507 530 560 ἐμποιέων
568 503 612 554 ἐς
647 501 702 545 τὰ
734 506 960 545 Μουσαίου
995 500 1188 558 χρησμὸν
1225 499 1284 553 ὥς
1321 502 1367 544 αἱ
1405 501 1479 545 ἐπὶ
1510 503 1676 559 Λήμνῳ

311 574 582 627 ἐπικείμεναι
612 575 736 627 νῆσοι
762 568 1050 627 ἀφανιζοίατο
1082 569 1189 612 κατὰ
1214 573 1290 626 τῆς
1320 570 1571 627 θαλάσσης·
1610 569 1678 614 διὸ

314 641 493 696 ἐξήλασέ
510 656 585 695 μιν
606 637 628 682 5
643 636 893 695 Ἵππαρχος,
922 637 1135 695 πρότερον
1152 637 1383 694 χρεόμενος
1401 636 1456 680 τὰ
1474 635 1677 692 μάλιστα.

310 709 410 751 τότε
437 708 483 751 δὲ
509 706 753 762 συναναβὰς
780 704 890 757 ὅκως
921 703 1125 748 ἀπίκοιτο
1158 703 1201 755 ἐς
1227 701 1333 761 ὄψιν
1363 704 1437 762 τὴν
1461 707 1675 760 βασιλέος,

315 776 523 832 λεγόντων
538 779 622 818 τῶν
637 773 1032 830 Πεισιστρατιδέων
1047 774 1149 829 περὶ
1171 769 1303 815 αὐτοῦ
1319 773 1498 827 σεμνοὺς
1512 774 1677 829 λόγους,

313 845 510 900 κατέλεγε
534 847 619 886 τιῦν
641 846 865 900 χρησμῶν·
893 841 930 884 εἰ
955 844 1031 895 μέν
1058 857 1098 882 τι
1124 838 1235 882 ἐνέοι
1261 841 1442 898 σφάλμα
1468 845 1599 898 φέρον
1617 845 1680 898 τῷ

312 912 536 968 βαρβάρῳ,
564 915 650 954 τῶν
669 912 745 965 μὲν
767 909 881 965 ἔλεγε
908 906 1043 960 οὐδέν,
1073 905 1094 950 5
1118 908 1164 950 δὲ
1182 906 1236 950 τὰ
1257 906 1545 962 εὐτυχέστατα
1566 908 1680 952 ἐκλε-

313 981 495 1035 γόμενος
521 979 652 1035 ἔλεγε,
687 978 761 1021 τόν
787 994 832 1020 τε
853 975 1165 1032 Ἑλλήσποντον
1197 974 1256 1027 ὥς
1289 977 1521 1033 ζευχθῆναι
1543 976 1680 1031 χρεών

316 1048 380 1103 εἴη
410 1045 479 1090 ὑπ’
499 1045 653 1102 ἀνδρὸς
679 1050 854 1101 Πέρσεω
881 1044 956 1101 τήν
981 1060 1026 1086 τε
1053 1043 1198 1087 ἔλασιν
1225 1043 1514 1100 ἐξηγεόμενος.
1554 1038 1681 1096 οὗτός

315 1132 361 1158 τε
384 1115 432 1172 δὴ
453 1115 742 1172 χρησμῳδέων
762 1115 1073 1170 προσεφέρετο,
1102 1114 1173 1154 καὶ
1194 1112 1301 1154 οἵτε
1322 1113 1682 1171 Πεισιστρατίδαι

316 1185 386 1226 καὶ
416 1183 456 1225 οἳ
476 1181 701 1226 ᾍλευάδαι
725 1181 899 1238 γνώμας
925 1177 1297 1233 ἀποδεικνύμενοι.

397 1249 460 1301 Ὦς
492 1251 538 1292 δὲ
570 1248 821 1305 ἀνεγνώσθη
848 1249 1008 1304 Ξέρξης
1041 1248 1362 1304 στρατεύεσθαι
1394 1247 1469 1291 ἐπὶ
1499 1247 1573 1304 τὴν
1595 1246 1681 1291 Ἑλ-

317 1319 446 1369 λάδα,
487 1317 679 1360 ἐνθαῦτα
710 1317 894 1373 δευτέρῳ
926 1317 1003 1369 μὲν
1036 1315 1122 1357 ἔτεϊ
1145 1314 1255 1369 μετὰ
1285 1314 1359 1358 τὸν
1391 1316 1584 1359 θάνατον
1608 1314 1682 1360 τὸν

319 1389 505 1442 Δαρείου
528 1388 683 1441 πριῦτα
704 1386 934 1441 στρατηίην
954 1386 1154 1426 ποιέεται
1175 1382 1248 1426 ἐπὶ
1267 1382 1368 1434 τοὺς
1389 1381 1681 1435 ἀπεστεῶτας.

317 1454 497 1504 τούτους
521 1456 598 1507 μέν
624 1469 695 1495 νυν
720 1451 1150 1507 καταστρεψάμενος,
1184 1452 1255 1493 καὶ
1279 1451 1503 1506 Αἴγυπτον
1534 1456 1682 1495 πᾶσαν

318 1520 480 1564 πολλὸν
507 1521 763 1577 δουλοτέρην
788 1519 979 1575 ποιήσας
1007 1516 1030 1575 ἢ
1057 1518 1129 1561 ἐπὶ
1151 1522 1336 1573 Δαρείου
1357 1512 1418 1575 ἧν,
1447 1517 1684 1574 ἐπιτράπει
1707 1532 1710 1535 ”

312 1588 548 1643 Άχαιμένεῑ
573 1585 772 1645 ἀδελφεῷ
797 1589 873 1642 μὲν
899 1586 1074 1639 ἑωυτοῦ,
1096 1590 1283 1643 Δαρείου
1305 1587 1351 1629 δὲ
1371 1588 1512 1630 παιδί.
1546 1585 1684 1641 Ἀχαι-

317 1661 446 1712 μένεα
471 1660 547 1712 μέν
566 1674 638 1699 νυν
660 1655 1007 1712 ἐπιτροπεύοντα
1026 1655 1253 1711 Αἰγύπτου
1271 1654 1411 1711 χρόνῳ
1431 1658 1683 1710 μετέπειτεν

321 1725 528 1782 ἐφόνευσε
548 1722 718 1781 Ἰνάρως
750 1722 772 1767 ὁ
807 1727 1072 1778 Ψαμμιτίχου
1107 1721 1209 1779 ἀνὴρ
1235 1726 1386 1777 Λίβυς.
1446 1725 1606 1781 Ξέρξης
1638 1725 1684 1768 δὲ

318 1791 407 1847 μετ’
430 1792 657 1848 Αἰγύπτου
691 1789 854 1835 ἅλωσιν
888 1789 946 1842 ὥς
978 1791 1124 1846 ἕαελλε
1157 1789 1199 1842 ἐς
1227 1799 1375 1848 χεῖρας
1413 1788 1603 1844 ἄξεσθαι
1632 1790 1681 1835 τὸ

321 1861 566 1918 στράτευμα
592 1858 640 1903 τὸ
668 1859 741 1902 ἐπὶ
766 1859 843 1910 τὰς
864 1857 1059 1915 Ἀθήνας,
1089 1859 1294 1915 σύλλογον
1321 1858 1547 1916 ἐπίκλητον
1572 1868 1684 1917 Περ-

321 1933 429 1972 σέων
466 1933 550 1970 τιῦν
589 1926 776 1984 ἀρίστων
815 1926 1031 1978 ἐποιέετο,
1078 1926 1149 1970 ἵνα
1185 1926 1359 1983 γνώμας
1394 1944 1441 1970 τε
1483 1925 1684 1985 πύθηταί

321 2013 467 2053 σφεων
498 1997 569 2038 καὶ
602 1993 732 2046 αὖτὸς
764 1994 806 2038 ἐν
837 1999 949 2038 πᾶσι
982 1995 1083 2054 εἴπῃ
1115 1994 1170 2037 τὰ
1203 1994 1361 2038 ἐθέλει.
1423 1992 1482 2046 ὥς
1514 1996 1560 2039 δὲ
1586 2012 1683 2040 συν-

322 2066 571 2120 ελέχθησαν,
596 2062 709 2115 ἔλεξε
722 2064 881 2119 Ξέρξης
900 2063 1017 2105 τάδε.
1051 2059 1236 2120 κἄνδρες
1254 2066 1433 2120 Πέρσαι,
1457 2061 1684 2117 οῧτάὗτὸς

321 2132 617 2188 κατηγήσομαι
641 2131 771 2185 νόμον
795 2131 920 2173 τόνδε
947 2129 988 2173 ἐν
1013 2128 1112 2184 ὑμῖν
1137 2135 1297 2183 τιθείς,
1328 2132 1685 2188 παραδεξάμενός

320 2217 366 2243 τε
392 2197 510 2255 αὐτῷ
538 2199 770 2256 χρήσομαι.
833 2196 891 2249 ὥς
921 2198 1001 2255 γὰρ
1035 2197 1116 2254 ἐγώ
1148 2199 1433 2254 πυνθάνομαι
1462 2204 1548 2243 τῶν
1579 2218 1684 2259 πρε-

322 2271 551 2325 σβυτέριον,
581 2265 752 2321 οὐδαμά
777 2283 836 2308 κω
865 2265 1174 2322 ἠτρεμήσαμεν,
1210 2266 1354 2310 ἐπείτε
1379 2268 1684 2326 παρελάβομεν

321 2335 396 2391 τὴν
437 2333 660 2392 ἡγεμονίην
695 2335 821 2391 τήνδε
857 2333 979 2389 παρὰ
1014 2335 1193 2391 Μήδων,
1243 2335 1387 2392 Κύρου
1432 2337 1686 2390 κατελόντος

318 2401 564 2458 Ἀστυάγεα.
626 2400 735 2444 ἀλλὰ
767 2401 875 2452 θεός
904 2418 950 2444 τε
983 2398 1096 2445 οὕτω
1131 2400 1243 2459 ἄγει,
1282 2404 1355 2446 καὶ
1386 2401 1561 2449 αὐτοῖσι
1585 2403 1685 2463 ἡμῖν

323 2469 467 2514 πολλὰ
493 2469 711 2514 ἐπέπουσι
737 2473 1005 2527 συμφέρεται
1033 2469 1107 2513 ἐπὶ
1131 2468 1180 2513 τὸ
1209 2468 1397 2525 ἄμεινον.
1434 2471 1490 2515 τὰ
1512 2477 1589 2528 μέν
1613 2493 1685 2518 νυν

323 2538 466 2593 Κῦρός
489 2555 536 2581 τε
560 2539 631 2581 καὶ
655 2537 887 2593 Καμβύσης
910 2537 1054 2594 πατήρ
1079 2554 1126 2581 τε
1152 2536 1174 2581 5
1203 2537 1305 2593 ἐμὸς
1326 2545 1512 2597 Δαρεῖος
1535 2559 1685 2600 κατερ-

324 2607 511 2661 γάσαντο
537 2607 609 2649 καὶ
633 2605 982 2662 προσεκτήσαντο
1010 2605 1153 2658 ἔθνεα,
1183 2605 1511 2662 ἐπισταμένοισι
1537 2603 1582 2653 εὖ
1608 2608 1685 2653 οὐκ

327 2673 376 2716 ἄν
402 2691 468 2725 τις
492 2673 622 2730 λέγοι.
660 2672 742 2730 ἐγώ
764 2674 810 2716 δὲ
829 2672 974 2716 ἐπείτε
993 2675 1241 2729 παρέλαβον
1259 2673 1333 2718 τὸν
1354 2676 1527 2733 θρόνον,
1554 2682 1683 2722 τοῦτο

327 2741 576 2798 ἐφρόντιζον
603 2738 713 2793 ὅκως
736 2740 794 2798 μὴ
821 2743 1035 2797 λείψομαι
1052 2746 1136 2785 τιῦν
1157 2742 1369 2800 πρότερον
1387 2748 1621 2801 γενομένων
1642 2746 1684 2790 ἐν
1725 2757 1730 2769 ”
