1747 3293
275 240 355 282 100
655 242 804 277 HPOA
815 239 886 274 OT
897 239 928 273 o
939 239 968 271 Υ
998 237 1035 271 Ζ.
1062 235 1253 270 132-135.

275 316 490 366 εὐπετέως
505 311 706 369 ἄφθονον
723 310 938 352 οἴσονται·
965 308 1096 361 λέγων
1111 307 1293 347 τοιαῦτα
1308 304 1422 346 α’ίτεε
1436 301 1513 354 τὰς
1527 305 1637 353 νέας.

201 399 249 424 133
271 383 494 439 Ἀθηναῖοι
520 381 565 422 δὲ
591 377 788 421 τούτοισι
814 373 1103 432 ἐπαερθέντες
1129 372 1390 428 παρέδοσαν.
1440 372 1640 427 παραλα-

215 1407 263 1432 134

225 2485 272 2511 135

273 450 362 505 βων
389 450 434 492 δὲ
461 446 482 490 ὃ
504 445 745 500 Μιλτιάδης
769 442 843 500 τὴν
865 440 1067 499 στρατιήν
1088 440 1230 483 ἕπλωε
1250 438 1324 482 ἐπὶ
1343 438 1500 496 Πάρον,
1531 439 1640 496 πρό-

276 533 409 575 φασιν
425 515 530 569 ἔχων
547 511 606 564 ὦς
627 513 843 568 οἱΠάριοι
865 508 1059 566 Υὑπῆρξαν
1079 507 1288 565 πρότεροι
1308 506 1641 562 στρατευόμενοι

278 585 442 640 τριήρεϊ
467 581 508 632 ἒς
527 584 786 636 Μαραθῶνα
812 575 902 633 ἅμα
927 581 988 633 τῷ
1008 579 1166 633 Πέρσῃ.
1204 579 1332 618 τοῦτο
1357 574 1433 629 μὲν
1453 572 1503 630 δὴ
1531 571 1642 630 πρό-

279 669 419 708 σχημα
438 650 566 706 λόγου
589 644 649 705 ἦν,
679 646 788 703 ἀτάρ
809 663 906 689 τινα
925 647 995 687 καὶ
1011 644 1181 700 ἔγκοτον
1203 640 1287 696 εἶχε
1305 650 1423 685 τοῖσι
1435 644 1644 698 Παρίοισι

280 719 352 762 διὰ
376 718 633 775 Λυσαγόρην
664 715 738 758 τὸν
769 718 943 766 Τισίεω,
978 711 1103 755 ἐόντα
1132 715 1252 768 γένος
1276 709 1454 765 Πάριον,
1490 709 1646 764 διαβα-

281 787 411 830 λόντα
435 803 507 840 μιν
538 783 650 842 πρὸς
671 782 869 839 Ὑδάρνεα
899 781 973 824 τὸν
999 784 1179 836 Πέρσην.
1231 776 1493 832 ἀπικόμενος
1526 776 1571 819 δὲ
1602 774 1646 827 ἐς

280 855 353 911 τὴν
385 853 525 897 ἕπλωε
558 851 579 896 ὁ
607 852 846 907 Μιλτιάδης
877 854 928 907 τῇ
961 851 1140 904 στρατιῇ
1174 846 1424 904 ἐπολιόρκεε
1454 847 1646 902 Παρίους

285 923 611 977 κατειλημένους
639 918 755 970 ἐντὸς
780 922 959 972 τείχεος,
988 918 1059 958 καὶ
1085 914 1322 970 ἐσπέμπων
1347 913 1506 970 κήρυκα
1531 911 1646 955 α’ίτεε

287 988 436 1032 ἑκατὸν
461 989 667 1040 τάλαντα,
697 988 802 1044 φάς,
830 984 878 1042 ἢν
904 985 961 1041 μή
991 984 1033 1028 οἵ
1059 984 1187 1035 δῶσι,
1223 980 1299 1025 οῦκ
1324 979 1647 1036 ἆπαναστήσειν

284 1056 359 1112 τὴν
386 1055 589 1113 στρατιὴν
615 1057 717 1112 πρὶν
742 1053 768 1110 ἢ
795 1053 913 1110 ἐξέλῃ
942 1051 1092 1109 σφέας.
1133 1050 1175 1093 οἱ
1196 1051 1241 1093 δὲ
1260 1049 1422 1108 Πάριοι
1442 1045 1553 1099 ὅκως
1571 1050 1649 1102 μέν

285 1142 328 1167 τι
366 1124 558 1168 δώσουσι
589 1122 807 1178 Μιλτιάδῃ
846 1119 1048 1177 ἀργυρίου
1089 1117 1190 1161 οὐδὲ
1228 1119 1485 1169 διενοεῦντο,
1526 1114 1568 1158 οἱ
1604 1114 1651 1158 δὲ

287 1190 397 1243 ὅκως
424 1191 743 1248 διαφυλάξουσι
768 1189 842 1245 τὴν
868 1189 1009 1240 πόλιν,
1042 1191 1170 1230 τοῦτο
1204 1184 1505 1242 ἔμηχανέοντο,
1541 1180 1651 1226 ἄλλα

286 1276 331 1301 τε
352 1257 704 1316 ἐπιφραζόμενοι,
732 1259 803 1299 καὶ
823 1261 872 1314 τῇ
893 1257 1083 1310 μάλιστα
1105 1254 1200 1297 ἔσκε
1220 1253 1423 1296 ἑκάστοτε
1438 1251 1650 1305 ἐπίμαχον

287 1330 363 1368 τοῦ
394 1328 574 1378 τείχεος,
613 1329 740 1367 τοῦτο
774 1321 864 1377 ἅμα
901 1324 1017 1366 νυκτὶ
1055 1321 1267 1378 ἐξηείρετο
1307 1320 1538 1376 διπλήσιον
1572 1320 1652 1361 τοῦ

290 1391 482 1449 ἀρχαίου.
521 1392 563 1443 ἐς
587 1393 663 1446 μὲν
690 1390 739 1448 δι’]
764 1394 948 1434 τοσοῦτο
974 1393 1050 1432 τοῦ
1076 1389 1204 1444 λόγου
1227 1388 1269 1430 οἳ
1287 1383 1654 1443 πάντεςἝλληνες

288 1464 478 1517 λέγουσι,
511 1459 560 1503 τὸ
594 1459 793 1502 ἐνθεῦτεν
825 1459 870 1501 δὲ
897 1456 1020 1500 αὐτοὶ
1046 1457 1206 1512 Πάριοι
1235 1454 1442 1511 γενέσθαι
1474 1449 1559 1497 ὦδε
1584 1456 1654 1496 λέ-

288 1545 425 1586 γουσι,
453 1527 668 1583 Μιλτιάδῃ
697 1525 931 1583 ἀπορέοντι
959 1525 1103 1568 ἐλθεῖν
1130 1523 1172 1574 ἒς
1197 1524 1352 1579 λόγους
1378 1522 1651 1577 αἰχμάλωτον

289 1606 484 1653 γυναῖκα,
526 1595 680 1638 έοῦσαν
710 1595 787 1648 μὲν
819 1597 984 1649 Παρίην
1015 1590 1150 1648 γένος,
1192 1587 1356 1645 οὕνομα
1392 1591 1440 1633 δέ
1471 1589 1513 1633 οἵ
1544 1587 1655 1633 εἶναι

294 1669 464 1719 Τιμοῦν,
495 1661 605 1706 εἶναι
631 1663 676 1705 δὲ
702 1659 973 1718 ὑποζάκορον
1000 1664 1083 1703 τιῦν
1105 1662 1297 1713 χθονίων
1324 1662 1455 1701 θεῶν.
1494 1658 1652 1714 ταύτην

293 1733 508 1775 ἐλθοῦσαν
540 1731 582 1782 ές
613 1729 719 1786 ὄψιν
750 1729 997 1772 Μιλτιάδεω
1032 1728 1355 1782 συμβουλεῦσαί
1385 1726 1449 1778 οἱ,
1490 1726 1528 1768 εἰ
1552 1728 1654 1783 περὶ

292 1802 458 1843 πολλοῦ
497 1802 696 1842 ποιέεται
732 1798 879 1854 Πάρον
923 1796 1050 1847 ἑλεῖν,
1090 1795 1145 1837 τὰ
1182 1793 1232 1837 ἂν
1271 1793 1376 1850 αὕτη
1413 1792 1653 1850 ὑποθῆται,

292 1872 430 1910 ταῦτα
454 1865 633 1909 ποιέειν.
681 1864 791 1919 μετὰ
818 1865 863 1907 δὲ
890 1863 961 1921 τὴν
986 1865 1061 1918 μὲν
1087 1861 1363 1914 ὑποθέσθαι,
1390 1861 1464 1905 τὸν
1485 1862 1531 1904 δὲ
1551 1859 1658 1904 άπι-

295 1935 472 1989 κόμενον
504 1933 578 1976 ἐπὶ
607 1932 681 1976 τὸν
710 1931 895 1976 κολωνὸν
928 1931 1001 1975 τὸν
1033 1931 1119 1986 πρὸ
1153 1935 1227 1988 τῆς
1258 1931 1415 1981 πόλιος
1448 1929 1574 1972 ἐόντα
1604 1927 1655 1972 τὸ

297 2002 416 2059 ἕρκος
447 2001 734 2057 θεσμοφόρου
767 2001 993 2057 Δήμητρος
1027 1998 1303 2055 ῦπερθορεῖν,
1343 1995 1390 2040 οὗ
1425 1998 1658 2052 δυνάμενον

295 2068 373 2119 τὰς
404 2069 546 2125 θύρας
577 2066 763 2120 ἀνοῖξαι,
802 2066 1111 2124 ὑπερθορόντα
1142 2067 1188 2109 δὲ
1221 2065 1330 2109 ἰέναι
1367 2065 1442 2108 ἐπὶ
1471 2068 1658 2123 μέγαρον

297 2134 419 2192 ὁτιδὴ
445 2136 690 2192 ποιήσαντα
716 2135 852 2186 ἐντός,
887 2135 973 2178 εἴτε
1003 2134 1230 2190 κινήσοντά
1261 2152 1306 2177 τι
1335 2137 1420 2176 τῶν
1447 2131 1658 2190 ἀκινήτων

297 2204 383 2247 εἴτε
409 2202 642 2259 ὁτιδήποτε
668 2204 905 2260 πρήξοντα·
933 2201 1044 2258 πρὸς
1069 2206 1169 2259 τῇσι
1188 2202 1354 2259 θύρῃσί
1371 2218 1417 2244 τε
1436 2204 1656 2258 γενέσθαι,

296 2273 367 2313 καὶ
392 2271 581 2326 πρόκατε
607 2275 761 2328 φρίκης
787 2269 916 2313 αὐτὸν
950 2268 1232 2325 ὑπελθούσης
1258 2267 1403 2312 ὀπίσω
1431 2268 1503 2325 τὴν
1529 2266 1660 2325 αὐτὴν

297 2337 399 2382 ὁδὸν
424 2339 597 2390 ἵεσθαι,
625 2339 996 2395 καταθρώσκοντα
1023 2338 1068 2380 δὲ
1094 2337 1167 2394 τὴν
1194 2335 1400 2394 αἱμασιὴν
1425 2335 1499 2380 τὸν
1522 2335 1661 2393 μηρὸν

298 2411 575 2462 σπασθῆναι·
615 2406 657 2450 οἱ
688 2407 735 2449 δὲ
767 2405 896 2449 αὐτὸν
927 2405 975 2448 τὸ
1008 2406 1107 2461 γόνυ
1135 2413 1443 2462 προσπταῖσαι
1473 2406 1659 2461 λέγουσι.

298 2474 538 2530 Μιλτιάδης
561 2478 637 2528 μέν
662 2492 733 2517 νυν
759 2474 965 2532 φλαύρως
992 2473 1096 2527 ἔχων
1123 2471 1334 2517 ἂπέπλωε
1360 2470 1524 2526 ὀπίσω,
1560 2471 1661 2516 οὔτε

295 2542 493 2598 χρήματα
512 2540 784 2599 Ἀθηναίοισι
815 2539 928 2597 ἄγων
961 2539 1060 2585 οὕτε
1084 2542 1231 2598 Πάρον
1263 2541 1656 2599 προσκτησάμενος,

300 2608 408 2652 ἀλλὰ
439 2611 733 2668 πολιορκήσας
762 2627 809 2653 τε
840 2611 887 2662 ἓξ
915 2612 987 2653 καὶ
1017 2610 1155 2654 εἴκοσι
1177 2608 1340 2667 ἡμέρας
1369 2611 1442 2652 καὶ
1467 2609 1660 2666 δηιώσας

298 2676 373 2733 τὴν
398 2682 536 2734 νῆσον.
603 2679 763 2734 Πάριοι
789 2679 834 2721 δὲ
859 2678 1109 2733 πυθόμενοι
1134 2676 1194 2729 ὥς
1223 2675 1248 2735 ἡ
1274 2675 1544 2735 ὑποζάκορος
1573 2681 1661 2721 τῶν

300 2749 418 2787 θεῶν
454 2745 570 2800 Τιμιὺ
603 2747 820 2804 Μιλτιάδῃ
851 2745 1139 2805 κατηγήσατο,
1173 2747 1433 2801 βουλόμενοί
1460 2763 1533 2801 μιν
1567 2743 1663 2789 ἀντὶ
