1747 3293
243 254 298 296 92
619 252 936 291 ΗΡΟΔΟΤΟΥ
971 250 1010 285 Ζ.
1038 249 1229 285 109-112.

245 334 453 388 γενέσθαι
477 331 527 382 τῆ
555 325 764 378 συμβολη.
825 325 963 364 ταῦτα
990 312 1047 361 ὧν
1072 318 1217 361 πάντα
1249 317 1291 369 ἐς
1317 319 1364 362 σὲ
1389 337 1460 362 νιν
1484 323 1613 364 τείνει

246 400 316 441 καὶ
350 397 393 439 ἐκ
425 398 497 438 σέο
529 392 732 449 ἄρτηται·
770 387 819 445 ἢν
850 386 932 444 γὰρ
966 385 1017 430 σὺ
1049 403 1195 442 γνωμῃ
1227 403 1277 443 τῃ
1311 385 1390 444 ἐμῇ
1415 391 1610 446 προσθῇ,

249 466 340 509 ἐστι
364 479 433 506 τοι
459 464 618 516 πατρίς
642 474 688 501 τε
715 457 922 513 ἐλευθέρη
949 456 1020 497 καὶ
1045 455 1177 505 πόλις
1201 454 1353 511 πρώτη
1385 459 1471 499 τῶν
1496 454 1538 498 ἐν
1561 460 1613 512 τῇ

242 531 431 577 Ἑλλάδι·
469 526 518 584 ἢν
557 527 603 570 δὲ
632 529 718 569 τῶν
756 522 1127 567 ἀποσπευδόντων
1163 521 1237 578 την
1274 521 1489 580 συμβολὴν
1527 522 1612 580 ἕλῃ,

247 599 432 655 ὑπάρξει
473 612 544 639 τοι
584 598 669 637 τών
714 591 795 649 ἐγὼ
840 592 1045 643 κατέλεξα
1082 588 1264 646 ἀγαθῶν
1305 589 1360 633 τὰ
1403 588 1613 634 ἐναντία.”

176 686 223 709 110
247 672 384 712 ταῦτα
421 666 552 720 λέγων
591 657 612 706 5
645 660 887 717 Μιλτιάδης
918 663 1191 715 προσκτᾶται
1221 657 1296 701 τὸν
1326 660 1616 712 Καλλίμαχον.

249 735 565 793 προσγενομένη
572 748 592 782 ς
619 730 665 772 δὲ
689 733 766 772 τοῦ
792 727 1069 783 πολεμάρχου
1095 730 1170 783 τῆς
1188 726 1360 782 γνώμης
1380 725 1617 781 ἐκεκύρωτο

251 802 525 858 σιμβάλλειν.
585 796 694 853 μετὰ
726 797 772 839 δὲ
805 796 846 839 οἱ
878 796 1109 852 στρατηγοὶ
1140 798 1225 837 τῶν
1257 812 1282 850 η
1313 794 1458 850 γνώμη
1490 793 1618 851 ἐ’φερε

252 870 529 925 συμβάλλειν,
570 864 629 917 (ὗς
667 865 848 908 εκάστου
887 861 1029 906 αὐτῶν
1068 862 1228 919 ἐγίνετο
1265 866 1506 918 πρυτανηίη
1544 866 1620 918 τῆς

252 937 429 995 ἡμέρης,
463 935 679 990 Μιλτιάδῃ
706 932 1021 989 παρεδίδοσαν·
1062 928 1083 973 5
1112 931 1158 973 δὲ
1184 931 1413 984 δεκόμενος
1439 927 1534 973 ου’τι
1558 947 1620 972 κω

254 1004 471 1061 συμβολὴν
498 1002 707 1054 ἐποιέετο,
735 1005 838 1056 πρίν
862 1017 908 1056 γε
936 999 985 1055 δη
1013 997 1147 1042 αὐτοῦ
1173 1002 1413 1055 πρυτανηίη
1441 997 1621 1054 ἐγένετο.

181 1090 229 1114 111
256 1072 314 1125 ὡς
341 1071 430 1116 δὲ’
413 1089 455 1123 ες
482 1071 637 1115 ἐκεῖνον
663 1070 891 1124 περιῆλθε,
921 1067 1113 1111 ἐνθαῦτα
1140 1066 1190 1123 δη
1219 1066 1453 1110 ἐτάσσοντο
1475 1060 1560 1109 ὦδε
1581 1066 1623 1109 οἱ

249 1140 476 1198 Αθηναῖοι
501 1156 560 1190 ως
586 1139 911 1192 συμβαλέοντες.
949 1140 1024 1179 τοῦ
1050 1135 1126 1189 μὲν
1147 1136 1290 1187 δεξιοῦ
1311 1139 1456 1193 κέρεος
1474 1133 1623 1190 ἡγέετο

257 1208 279 1254 5
312 1211 586 1263 πολέμαρχος
610 1207 903 1259 Καλλίμαχος·
941 1201 963 1247 5
996 1202 1076 1260 γὰρ
1108 1203 1240 1257 νόμος
1265 1203 1364 1246 τότε
1397 1200 1482 1256 εἶχε
1508 1199 1622 1245 οὕτω

254 1287 371 1322 τοῖσι
392 1274 682 1331 Ἀθηναίοισι,
710 1271 783 1316 τὸν
808 1274 1082 1328 πολέμαρχον
1109 1271 1217 1325 ἔχειν
1242 1275 1368 1326 κέρας
1391 1270 1440 1313 τὸ
1469 1271 1623 1323 δεξιόν.

255 1344 487 1402 ἡγεομένου
516 1342 561 1384 δὲ
586 1341 740 1383 τούτου
767 1339 1008 1392 ἐξεδέκοντο
1037 1337 1095 1390 ὠς
1120 1337 1384 1395 ἢριθμέοντο
1412 1338 1458 1382 αἱ
1489 1340 1625 1396 φυλαὶ

258 1413 457 1467 ἐχόμεναι
495 1406 702 1465 ἀλλήλων,
740 1409 983 1450 τελευταῖοι
1021 1408 1066 1449 δὲ
1105 1406 1339 1450 ἐτάσσοντο
1373 1406 1538 1460 ἔχοντες
1573 1406 1626 1450 τὸ

259 1480 474 1533 ευώνυμον
512 1480 637 1533 κέρας
673 1477 930 1526 Πλαταιέες·
974 1473 1063 1517 ἀπὸ
1108 1475 1267 1531 ταύτης
1308 1475 1389 1532 γάρ
1434 1491 1516 1531 σφι
1550 1479 1627 1530 τῆς

257 1549 414 1604 μάχης,
447 1548 610 1595 θισίας
631 1542 871 1599 Αθηναίων
903 1541 1146 1598 αναγόντων
1178 1544 1250 1584 καὶ
1281 1543 1519 1599 πανηγύρις
1548 1542 1629 1593 τὰς

261 1617 302 1660 ἐν
338 1620 438 1672 τῇσι
473 1615 750 1668 πεντετηρίσι
786 1614 1030 1666 γινομένας,
1075 1610 1327 1663 κατεύχεται
1371 1609 1393 1653 5
1437 1612 1569 1667 κῆρυξ
1603 1609 1626 1654 5

256 1683 483 1740 Αθηναῖος
510 1678 601 1734 ἅμα
631 1696 677 1723 τε
698 1678 971 1735 Αθηναῖοισι
1002 1679 1135 1734 λέγων
1160 1682 1365 1734 γίνεσθαι
1394 1677 1450 1722 τὰ
1476 1678 1630 1735 ἀγαθὰ

261 1754 331 1795 καὶ
356 1753 635 1795 Πλαταιεῦσι.
695 1747 794 1790 τότε
827 1747 874 1790 δὲ
904 1745 1182 1801 τασσομένων
1214 1750 1300 1790 τῶν
1320 1744 1561 1804 Ἀθηναίων
1587 1746 1630 1790 ἐν

261 1825 321 1876 τῷ
343 1822 589 1875 Μαραθῶνι
612 1816 771 1872 ἐγίνετο
791 1815 963 1858 τοιόνδε
983 1828 1044 1858 τι·
1070 1813 1119 1858 τὸ
1141 1815 1440 1870 στρατόπεδον
1461 1814 1631 1867 ἐξισού-

262 1904 387 1943 μενον
407 1891 466 1943 τῳ
480 1886 658 1943 Μηδικῷ
679 1884 977 1940 στρατοπέδῳ,
999 1882 1048 1926 τὸ
1068 1883 1145 1937 μὲν
1165 1881 1298 1926 αὖτοῦ
1316 1886 1449 1938 μέσον
1469 1882 1631 1939 ἐγίνετο

264 1956 338 2000 ἐπὶ
362 1956 482 2007 τάξις
508 1952 666 2009 ὀλίγας,
695 1954 766 1995 καὶ
789 1952 922 2008 ταύτῃ
949 1945 998 2008 ἧν
1024 1949 1345 1995 ἀσθενέστατον
1369 1949 1419 1994 τὸ
1447 1952 1628 2007 στρατό-

192 2038 238 2063 112
265 2025 409 2075 πεδον,
438 2022 486 2065 τὸ
514 2022 561 2065 δὲ
585 2025 711 2078 κέρας
737 2020 935 2077 ἑκάτερον
962 2018 1122 2075 ἔρρωτο
1149 2020 1331 2075 πλήθεϊ.
1393 2018 1453 2070 ὡς
1479 2020 1526 2062 δέ
1551 2035 1634 2077 σφι

266 2093 506 2135 διετέτακτο
532 2088 665 2133 καὶτὰ
686 2089 854 2146 σφάγια
883 2087 1042 2144 ἐγίνετο
1063 2087 1184 2139 καλά,
1213 2086 1405 2131 ἐνθαῦτα
1425 2085 1485 2139 ὥς
1504 2085 1634 2131 ἀπεί-

264 2164 408 2216 θησαν
430 2156 718 2215 οιΑθηναῖοι,
742 2156 923 2213 δρόμῳ(
914 2157 1025 2199 ιἐντο
1047 2155 1089 2207 ἐς
1103 2172 1205 2207 τους
1223 2156 1486 2213 βαρβάρους.
1524 2150 1635 2212 ἦσαν

267 2229 311 2271 δὲ
344 2228 514 2271 στάδιοι
549 2224 625 2270 ούκ
656 2225 885 2276 ἐλάσσονες
915 2223 965 2267 τὸ
996 2228 1251 2306 pcfzat'xutov
1285 2222 1427 2267 αὐτῶν
1452 2221 1479 2280 ἢ
1505 2222 1633 2267 ὀκτώ.

267 2296 307 2338 οἱ
339 2297 383 2338 δὲ
415 2299 581 2352 Πέρσαι
613 2292 808 2351 ὁρέοντες
840 2293 988 2350 δρόμῳ
1023 2291 1228 2342 ἐπιόντας
1259 2291 1635 2348 παρεσκευάζοντο

266 2362 324 2415 ὡς
350 2364 591 2418 δεξόμενοι,
630 2366 784 2418 μανίην
809 2377 855 2404 τε
880 2369 998 2403 τοῖσι
1019 2357 1293 2417 Ἀθηναίοισι
1325 2359 1539 2416 ἐπέφερον
1563 2361 1636 2402 καὶ

264 2433 405 2487 πάγχυ
439 2430 656 2488 ὀλεθρίην,
698 2428 893 2486 ὁρέοντες
924 2427 1081 2479 αὐτοὺς
1117 2426 1307 2484 ὀλίγους,
1346 2429 1418 2471 καὶ
1453 2427 1636 2478 τούτους

267 2500 413 2556 δρόμῳ
447 2499 753 2556 ἐπειγομένους
785 2495 883 2541 οὕτε
915 2496 1059 2540 ἵππου
1097 2495 1380 2553 ὑπαρχούσης
1415 2512 1498 2552 σφι
1536 2492 1634 2538 οὕτε

266 2568 552 2622 τοξευμάτων.
612 2571 749 2611 ταῦτα
789 2569 866 2621 μέν
907 2583 979 2609 νυν
1023 2564 1066 2609 οἱ
1106 2566 1325 2622 βάρβαροι
1366 2564 1634 2616 κατείκαζον

262 2633 486 2691 Αθηναῖοι
512 2635 601 2679 δὲ’
583 2639 729 2679 επείτε
749 2632 943 2692 ἀθρόοι
933 2636 1148 2715 προσέμις
1132 2635 1202 2676 ζαν
1220 2641 1337 2675 τοῐσι
1355 2632 1632 2710 βαρβάροισι,

270 2702 475 2756 ἐιιάχοντο
503 2702 635 2756 ἀξίως
660 2704 804 2759 λόγοι.
842 2718 1014 2760 πρωτοι
1038 2701 1114 2756 μὲν
1139 2699 1219 2757 γὰρ
1235 2699 1441 2757 Ἑλλήνων
1460 2699 1635 2742 πάντων

270 2774 353 2812 τῶν
380 2768 500 2825 ἡμεῖς
526 2772 647 2826 ἰ’δμεν
674 2772 821 2828 δρόμῳ
850 2770 893 2822 ἐς
918 2772 1156 2825 πολεμίους
1183 2768 1434 2826 ἐχρήσαντο,
1462 2771 1634 2824 πρῶτοι
