1747 3293
477 278 791 314 HPOAOTOY
820 279 848 313 1.
874 279 928 314 57.
954 279 1009 314 58.
1339 269 1421 311 269

65 347 229 390 πεδίον.
273 344 598 403 Ἀμομφάρετος
624 348 668 390 δὲ
695 345 824 404 ἀρχήν
849 364 893 390 τε
921 345 1091 402 οὐδαμὰ
1123 348 1280 391 δοκέων
1304 355 1423 391 Παυ-

65 418 214 471 σανίην
238 413 470 470 τολμήσειν
496 418 634 471 σφέας
660 412 896 458 ἀπολιπεῖν
922 418 1162 470 περιείχετο
1190 413 1322 458 αὐτοῦ
1346 419 1423 470 μέ-

65 498 214 532 νοντας
237 480 294 537 μὴ
322 480 512 524 ἐκλιπεῖν
536 480 611 538 τὴν
635 482 769 534 τάξιν.
830 483 1151 540 προτερεόντων
1177 483 1223 526 δὲ
1240 487 1326 527 τιῦν
1347 482 1422 526 σὺν

64 553 300 605 Παυσανίῃ,
321 548 562 600 καταδόξας
583 546 741 600 αὖτοὺς
761 550 861 606 ἰθέῃ
881 553 1001 607 τέχνῃ
1022 548 1259 594 ἀπολιπεῖν
1279 549 1421 602 αὐτόν,

67 615 336 671 ἀναλαβόντα
360 613 433 659 τὸν
458 615 584 669 λόχον
609 614 663 658 τὰ
689 613 806 659 δ’πλα
830 611 904 673 ἦγε
927 618 1064 674 βάδην
1094 618 1207 673 πρὸς
1237 618 1286 662 τὸ
1319 617 1423 661 ἄλλο

66 692 233 741 στῖφος.
269 683 320 726 τὸ
348 683 395 726 δὲ
420 681 619 726 ἀπελθὸν
645 680 748 727 ὅσον
771 701 818 726 τε
845 685 945 726 δέκα
970 685 1129 728 στάδια
1154 683 1325 740 ἀνέμενε
1350 685 1424 729 τὸν

61 750 385 808 Ἀμομφαρέτου
419 751 556 804 λόχον,
592 752 694 806 περὶ
725 750 923 806 ποταμὸν
947 753 1170 795 Μολόεντα
1203 753 1425 811 ἱδρυμένον

60 817 306 876 Ἀργιόπιόν
330 835 376 861 τε
399 822 539 874 χῶρον
563 818 832 872 καλεόμενον,
865 823 917 876 τῇ
943 821 1015 862 καὶ
1039 820 1266 877 Δήμητρος
1285 819 1424 864 Ἐλευ-

65 890 201 943 σινίης
235 885 325 942 ἱρὸν
355 880 503 942 ἧσται·
542 883 716 940 ἀνέμενε
748 886 794 928 δὲ
823 886 950 929 τοῦδε
982 886 1146 940 εἵνεκεν,
1185 888 1256 930 ἵνα
1286 886 1335 944 ἢν
1366 888 1423 944 μὴ

68 952 289 1011 ἀπολείπῃ
315 953 388 997 τὸν
410 958 551 1011 χῶρον
578 953 619 996 ἐν
644 957 706 1010 τῷ
732 953 960 1006 ἐτετάχατο
987 951 1009 996 ὁ
1031 951 1356 1012 Ἀμομφάρετός
1380 971 1425 997 τε

7 1041 11 1044 ·
65 1023 137 1065 καὶ
163 1019 185 1064 ὃ
211 1021 349 1075 λόχος,
378 1019 468 1064 ἀλλ’
487 1019 619 1064 αῦτοῦ
644 1024 819 1075 μένωσι,
845 1024 1016 1076 βωθέοι
1037 1019 1180 1064 ὀπίσω
1200 1020 1301 1079 παρ’
1320 1022 1426 1065 ἐκεί-

65 1105 176 1140 νους.
214 1091 286 1132 καὶ
312 1089 358 1132 οἵ
377 1106 424 1133 τε
451 1087 565 1146 ἀμφὶ
589 1088 664 1132 τὸν
680 1086 1003 1146 Ἀμομφάρετον
1028 1089 1308 1145 παρεγίνοντό
1331 1105 1423 1147 σφι,

65 1159 137 1200 καὶ
160 1154 185 1213 ἡ
212 1156 353 1208 ἵππος
377 1154 401 1213 ἧ
428 1161 514 1200 τιῦν
538 1157 771 1214 βαρβάρων
796 1160 1056 1211 προσεκέετο
1081 1160 1218 1200 πᾶσα.
1275 1157 1317 1200 οἱ
1345 1155 1425 1214 γὰρ

68 1224 258 1268 ἱππόται
284 1223 458 1268 ἐποίευν
484 1224 576 1268 οἷον
601 1226 672 1267 καὶ
697 1223 897 1268 ἐώθεσαν
923 1223 1090 1268 ποιέειν
1123 1225 1228 1278 αἰεί,
1264 1224 1428 1276 ἰδόντες

67 1293 114 1335 δὲ
148 1291 223 1335 τὸν
256 1297 397 1349 χιῦρον
431 1291 569 1335 κεινὸν
607 1292 648 1335 ἐν
678 1297 740 1349 τῷ
772 1291 1000 1345 ἐτετάχατο
1033 1291 1074 1334 οἱ
1100 1289 1294 1349 Ἕλληνες
1329 1297 1428 1349 τῇσι

66 1359 305 1417 προτέρῃσι
330 1358 530 1417 ἡμέρῃσι,
564 1357 745 1417 ἤλαυνον
769 1358 869 1410 τοὺς
894 1359 1061 1411 ἵππους
1087 1359 1172 1403 αἰεὶ
1196 1359 1245 1403 τὸ
1272 1361 1425 1416 πρόσω

68 1431 140 1470 καὶ
165 1424 256 1481 ἅμα
281 1428 596 1482 καταλαβόντες
621 1427 888 1483 προσεκέατό
917 1443 1011 1484 σφι.

151 1495 398 1550 Μαρδόνιος
419 1496 465 1538 δὲ
485 1493 543 1546 ὥς
564 1495 756 1538 ἐπύθετο
776 1491 1090 1552 τοὺς(Έλληνας
1114 1493 1428 1549 ἀποιχομένους

67 1560 155 1606 ὑπὸ
182 1563 313 1605 νύκτα
339 1560 427 1605 εἶδέ
450 1580 496 1605 τε
519 1562 594 1606 τὸν
616 1567 756 1619 χιῦρον
783 1562 951 1620 ἐρῆμον,
979 1562 1161 1613 καλέσας
1190 1561 1264 1605 τὸν
1289 1570 1425 1619 Ληρι-

69 1638 193 1673 σαῖον
221 1630 400 1687 Θώρηκα
424 1631 494 1672 καὶ
519 1629 619 1681 τοῦς
645 1628 886 1687 ἀδελφεοὺς
918 1627 1049 1673 αὐτοῦ
1073 1628 1331 1687 Εὐρύπυλον
1356 1632 1428 1672 καὶ

70 1698 337 1754 Θρασυδήιον
364 1697 497 1753 ἔλεγε·
523 1692 591 1739 “03
617 1698 774 1748 παῖδες
788 1695 977 1749 ΑΆλεύεω,
1007 1696 1069 1740 ἔτι
1094 1701 1138 1740 τί
1162 1698 1300 1749 λέξετε
1324 1698 1429 1740 τάδε

69 1763 264 1820 ὁρέοντες
290 1765 447 1822 ἐρῆμα,·
474 1763 596 1819 ὑμεῖς
620 1764 701 1821 γὰρ
723 1765 764 1808 οἱ
789 1765 1087 1821 πλησιόχωροι
1108 1764 1271 1820 ἐλέγετε
1288 1772 1429 1808 Λακε-

70 1833 321 1887 δαιμονίους
355 1831 403 1875 οὗ
438 1833 612 1890 φεύγειν
643 1832 687 1875 ἐκ
715 1833 872 1888 μάχης,
913 1830 1022 1875 ἀλλὰ
1054 1831 1212 1889 ἄνδρας
1243 1830 1352 1875 εἶναι
1376 1831 1431 1874 τὰ

69 1901 260 1955 πολέμια
291 1900 512 1955 πρώτους,
551 1900 653 1951 τοτ’-ς
685 1901 898 1957 πρότερόν
934 1916 979 1942 τε
1014 1903 1351 1954 μετισταμένους
1388 1899 1432 1942 ἐκ

70 1972 144 2024 τῆς
167 1968 316 2020 τάξιος
342 1968 488 2018 ε’ίδετε,
516 1972 588 2010 νῦν
613 1985 658 2011 τε
680 1967 765 2011 §ab
780 1967 854 2024 τὴν
873 1971 1189 2025 παροιχομένην
1213 1968 1342 2010 νύκτα
1359 1968 1432 2009 καὶ

72 2035 114 2078 οἱ
138 2035 297 2086 πάντες
323 2033 498 2092 ὁρέομεν
525 2036 803 2093 διαδράντας·
843 2035 1036 2088 διέδεξάν
1061 2052 1124 2087 τε,
1164 2034 1262 2078 ἐπεί
1293 2051 1432 2092 σφεας

71 2102 161 2146 ἐ’δεε
186 2102 297 2160 πρὸς
320 2101 422 2154 τοὺς
447 2101 676 2158 ἀψευδέως
702 2101 905 2159 ἀρίστους
932 2101 1182 2159 ἀνθρώπων
1201 2103 1315 2159 μάχῃ
1338 2103 1432 2145 δια-

71 2175 291 2227 κριθῆναι,
337 2167 405 2214 ὅτι
444 2169 612 2222 οὗδένες
649 2168 734 2227 ἄρα
771 2170 911 2222 ἐόντες
955 2171 996 2213 ἐν
1041 2169 1274 2225 οὗδαμοῖσι
1312 2169 1431 2213 ἐοῦσι

6 2290 11 2296 λ
63 2234 234 2295 Ἕλλησι
272 2238 640 2282 ἐναπεδεικνύατο.
701 2240 773 2281 καὶ
814 2236 913 2292 ὑμῖν
956 2239 1031 2292 μὲν
1076 2238 1196 2281 ἐοῦσι
1231 2237 1431 2295 Περσέων

73 2303 297 2363 ἀπείροισι
321 2305 459 2363 πολλὴ
488 2306 531 2349 ἔκ
555 2323 601 2362 γε
629 2305 729 2359 ἐμεῦ
756 2305 914 2361 ἐγίνετο
942 2306 1180 2362 συγγνώμη,
1210 2305 1431 2348 ἐπαινεόν-

8 2377 12 2433 ζ
70 2390 155 2416 των
173 2374 366 2425 τούτους,
387 2378 506 2417 τοῖσί
523 2392 566 2417 τι
585 2375 656 2416 καὶ
672 2374 929 2430 συνῃδέατε·
950 2371 1207 2430 ΣΙρταβάζου
1231 2374 1277 2415 δὲ
1296 2377 1432 2426 θῶμα

71 2443 142 2483 καὶ
167 2443 329 2495 μᾶλλον
356 2440 588 2498 ἐποιεύμην
618 2439 667 2484 τὸ
699 2443 769 2483 καὶ
800 2441 1134 2497 καταρρωδῆσαι
1158 2441 1433 2494 Λακεδαιμο-

71 2512 206 2561 νίους,
245 2509 638 2566 καταρρωδήσαντά
669 2526 714 2551 τε
747 2507 1056 2560 ἀποδέξασθαι
1092 2508 1261 2563 γνώμην
1294 2508 1433 2550 δειλο-

12 2595 17 2604 ·
71 2576 215 2632 τάτην,
250 2574 308 2627 ιῦς
330 2576 466 2634 χρεών
493 2577 556 2633 εἴη
584 2574 895 2628 ἀναζεύξαντας
925 2575 973 2619 τὸ
1002 2575 1298 2632 στρατόπεδον
1324 2575 1433 2617 ἰέναι

6 2671 19 2703 ¹,
75 2641 117 2694 ἐς
140 2642 189 2686 τὸ
213 2648 410 2701 Θηβαίων
430 2642 535 2687 ι’ἱστυ
558 2645 996 2699 πολιορκησομένους·
1022 2641 1098 2699 την
1118 2642 1181 2685 ἔτι
1200 2641 1310 2698 πρὸς
1331 2642 1431 2697 ἐμεῦ

7 2727 19 2747 ι’
73 2710 275 2764 βασιλεὺς
300 2712 521 2755 πεύσεται.
558 2714 626 2754 καὶ
653 2711 817 2754 τούτων
840 2712 916 2766 μὲν
943 2710 1131 2767 ἑτέρωθι
1151 2709 1272 2753 ἔσται
1292 2711 1429 2766 λόγος,

74 2782 142 2821 νῦν
167 2779 213 2822 δὲ
239 2778 435 2823 ἐκείνοισι
456 2784 590 2822 ταῦτα
611 2783 789 2823 ποιεῦσι
810 2777 883 2822 οῦκ
905 2778 1167 2834 ἐπιτρεπτέα
1190 2777 1292 2830 ἐστι’,
1323 2776 1431 2820 ἀλλὰ

1447 361 1479 386 57

1452 1508 1485 1533 53
