1747 3293
185 475 218 500 39

184 1762 219 1787 40

248 249 329 291 122
653 253 967 290 ΗΡΟΔΟΤΟΥ
997 252 1042 287 Η.
1069 252 1213 288 38-40,

241 325 314 370 τὸν
346 325 656 382 πρεσβύτατον,
690 323 760 365 ἵνα
793 320 925 365 αὐτοῦ
955 338 1001 364 τε
1035 320 1135 375 ἐμεῦ
1166 323 1238 364 καὶ
1268 326 1354 365 τιῦν
1381 324 1611 380 χρημάτων

240 389 266 451 ᾗ
291 392 544 448 μελεδωνός.
607 389 708 441 τοὺς
741 390 788 432 δὲ
819 393 1026 445 τέσσερας
1053 387 1154 445 ἄγεο
1189 385 1281 444 ἅμα
1307 395 1502 447 σεωυτῷ,
1541 394 1613 434 καὶ

243 462 411 516 πρήξας
435 458 490 502 τὰ
515 462 650 510 νοέεις
668 458 923 513 νοστήσειας
944 455 1130 501 ὀπίσω.”
1170 457 1305 514 κάρτα
1324 474 1370 500 τε
1392 457 1610 516 ἐθυμώθη

243 527 265 572 ὃ
292 529 452 585 Ξέρξης
483 528 555 569 καὶ
587 524 814 581 ἀμείβεται
844 526 1023 569 τοισίδε.
1068 519 1137 566 “AE
1163 525 1263 567 κακὲ
1294 524 1524 582 ἄνθρωπε,
1559 525 1612 570 σὺ

244 596 496 652 ἐτόλμησας,
525 594 627 649 ἐμεῦ
647 597 988 651 στρατευομένου
1012 591 1144 636 αὐτοῦ
1166 591 1240 636 ἐπὶ
1258 591 1523 649 τὴνἙλλάδα
1541 596 1614 638 καὶ

244 662 423 720 ἄγοντος
460 663 624 713 παῖδας
661 660 791 716 ἐμοὺς
823 663 895 704 καὶ
933 658 1174 718 ἀδελφεοὺς
1209 662 1282 703 καὶ
1319 660 1510 718 οἰκηίους
1541 663 1614 706 καὶ

243 734 417 789 φίλους,
455 730 714 787 μνήσασθαι
745 732 848 786 περὶ
881 733 960 773 σοῦ
993 729 1174 781 παιδός,
1209 727 1290 771 ἐὼν
1317 727 1420 783 ἐμὸς
1445 730 1610 782 δοῦλος,

242 800 317 844 τὸν
339 803 442 856 χρῆν
467 803 670 855 πανοικίῃ
699 796 806 855 αὐτῇ
832 798 1000 854 γυναικὶ
1026 800 1321 850 συνέπεσθαι,·
1347 789 1394 839 εὖ
1419 814 1490 839 νυν
1515 795 1610 840 τόδ’

245 868 518 920 ἐξεπίστασο,
548 864 607 917 ιῦς
633 866 674 909 ἐν
694 875 812 909 τοῖσι
838 863 921 909 ὠσὶ
945 869 1032 909 τιῦν
1059 863 1312 922 ἀνθρώπων
1333 864 1463 908 οἰκέει
1484 862 1506 908 ὅ
1527 869 1612 908 θυ-

242 936 337 990 μός,
366 933 414 986 ὃς
435 933 600 991 χρηστὰ
625 935 700 988 μὲν
727 932 917 984 ἀκούσας
942 936 1124 990 τέρψιος
1145 932 1380 987 ἐμπιπλέει
1399 930 1449 976 τὸ
1471 936 1610 987 σῶμα,

243 1002 479 1047 ὑπεναντία
517 1003 563 1045 δὲ
598 1002 797 1046 τούτοισι
833 1000 1023 1052 ἀκούσας
1060 999 1260 1044 ἀνοιδέει.
1322 997 1394 1043 ὅτε
1429 1003 1506 1055 μέν
1543 1018 1613 1043 νυν

241 1070 407 1127 χρηστὰ
438 1070 630 1126 ποιήσας
663 1069 786 1126 ἕτερα
816 1074 998 1113 τοιαῦτα
1031 1068 1307 1125 ἐπηγγέλλεο,
1347 1066 1615 1126 εὐεργεσίῃσι

243 1140 427 1194 ΙΒασιλέα
447 1136 494 1181 οὗ
510 1138 744 1194 καυχήσεαι
759 1135 1112 1194 ὑπερβαλέσθαι·
1141 1136 1285 1180 ἐπείτε
1306 1136 1352 1179 δὲ
1367 1135 1409 1187 ἐς
1427 1135 1475 1180 τὸ
1493 1133 1616 1179 ἀναι-

245 1208 445 1263 δέστερον
472 1206 672 1263 ἐτράπεο,
700 1204 775 1261 τὴν
801 1206 875 1260 μὲν
903 1203 1024 1261 ἀξίην
1052 1202 1099 1247 οὖ
1128 1205 1339 1260 λάμψεαι,
1369 1203 1540 1248 ἐλάσσω
1569 1204 1616 1247 δὲ

243 1279 319 1331 τῆς
351 1273 492 1330 ἀξίης·
531 1274 579 1317 σὲ
613 1275 690 1327 μὲν
727 1272 807 1328 γὰρ
844 1274 915 1314 καὶ
946 1272 1047 1323 τοὺς
1083 1275 1291 1327 τέσσερας
1324 1276 1411 1314 τιῦν
1442 1272 1615 1315 παίδων

244 1342 394 1399 ῥύεται
417 1340 472 1384 τὰ
498 1343 651 1392 ξείνια·
677 1344 754 1383 τοῦ
782 1340 828 1382 δὲ
854 1339 960 1391 ἑνός,
987 1344 1065 1382 τοῦ
1091 1343 1314 1395 περιέχεαι
1331 1339 1536 1394 μάλιστα,
1563 1344 1616 1398 τῇ

242 1413 361 1467 ψυχῇ
388 1405 665 1464 ζημιώσεαι.”
718 1406 777 1458 ὡς
804 1408 849 1450 δὲ
874 1411 1011 1450 ταῦτα
1036 1405 1314 1463 ὑπεκρίνατο,
1349 1405 1501 1450 αὐτίκα
1527 1407 1616 1452 ἐκέ-

244 1479 340 1520 λευε
371 1484 490 1519 τοῖσι
525 1475 844 1532 προσετέτακτο
881 1479 1017 1518 ταῦτα
1053 1475 1283 1532 πρήσσειν,
1322 1479 1408 1519 τῶν
1439 1479 1614 1520 Πυθίου

243 1546 415 1589 παίδων
431 1543 680 1601 ἐξευρόντας
699 1542 773 1586 τὸν
788 1543 1085 1598 πρεσβύτατον
1103 1547 1235 1598 μέσον
1257 1543 1496 1598 διαταμεῖν,
1520 1544 1616 1588 δια-

242 1613 459 1667 ταμόντας
486 1613 531 1655 δὲ
556 1611 611 1655 τὰ
636 1610 828 1668 ἡμίτομα
854 1611 1080 1654 διαθεῖναι
1110 1611 1159 1654 τὸ
1185 1611 1261 1665 μὲν
1295 1610 1370 1655 ἐπὶ
1397 1610 1516 1664 δεξιὰ
1540 1616 1617 1670 τῇς

245 1679 349 1724 ὁδοῦ
373 1680 423 1724 τὸ
452 1679 491 1723 δ’
510 1678 575 1723 ἐπ’
594 1678 814 1738 ἀριστερά,
842 1681 912 1722 καὶ
938 1680 1072 1736 ταύτῃ
1101 1680 1304 1732 διεξιέναι
1322 1678 1397 1723 τὸν
1417 1680 1615 1738 στρατόν.

245 1749 523 1805 ποιησάντων
551 1748 596 1791 δὲ
622 1748 786 1791 τούτων
805 1752 948 1799 τοῦτο,
975 1746 1085 1802 μετὰ
1104 1752 1240 1791 ταῦτα
1262 1747 1421 1804 διεξήϊε
1442 1745 1463 1791 ὃ
1486 1764 1616 1805 στρα-

244 1818 332 1868 τός.
389 1815 565 1873 ἡγέοντο
599 1817 645 1858 δὲ
676 1820 848 1871 πριῦτοι
883 1816 960 1870 μὲν
992 1815 1034 1858 οἱ
1072 1816 1337 1873 σκευοφόροι
1372 1833 1419 1859 τε
1455 1818 1526 1859 καὶ
1561 1815 1616 1860 τὰ

244 1883 473 1940 ὑποζύγια,
494 1883 603 1938 μετὰ
625 1884 671 1926 δὲ
689 1884 870 1934 τούτους
891 1882 1075 1940 στρατὸς
1095 1888 1315 1927 παντοίων
1336 1883 1498 1926 ἐθνέων
1513 1882 1616 1927 ἇνα-

244 1954 336 2007 μίξ,
366 1950 413 1995 οὗ
443 1953 776 2009 διακεκριμένοι·
809 1956 858 2008 τῇ
887 1952 934 1994 δὲ
958 1949 1246 2008 ὑπερημίσεες
1271 1945 1392 2007 ἦσαν,
1422 1951 1616 1996 ἐνθαῦτα

248 2022 516 2063 διελέλειπτο
542 2022 613 2061 καὶ
641 2017 688 2062 οὗ
711 2023 964 2075 συνέμισγον
985 2013 1104 2062 οὗτοι
1124 2020 1310 2073 βασιλέϊ.
1349 2019 1614 2076 προηγέοντο

245 2090 321 2143 μὲν
348 2087 398 2144 δη
428 2087 618 2130 ἱππόται
640 2088 792 2140 χίλιοι,
827 2086 870 2130 ἐκ
896 2086 1095 2144 Περσέων
1122 2087 1298 2129 πάντων
1324 2085 1616 2144 ἀπολελεγμέ-

244 2169 330 2199 νοι·
357 2154 466 2209 μετὰ
488 2155 534 2198 δὲ
554 2155 820 2212 αἰχμοφόροι
837 2157 984 2208 χίλιοι,
1012 2157 1082 2198 καὶ
1104 2148 1225 2198 οὗτοι
1248 2154 1290 2197 ἐκ
1304 2156 1481 2200 πάντων
1502 2154 1616 2200 ἄπο-

246 2225 501 2280 λελεγμένοι,
529 2222 605 2274 τὰς
632 2223 786 2278 λόγχας
811 2224 926 2266 κάτω
955 2222 996 2274 ἐς
1022 2222 1096 2279 τὴν
1121 2227 1196 2279 γῆν
1221 2226 1480 2279 τρέψαντες·
1505 2224 1616 2279 μετὰ

247 2292 293 2335 δὲ
321 2291 407 2348 ἱροὶ
432 2297 615 2335 Νισαῖοι
640 2292 893 2345 καλεόμενοι
922 2291 1059 2334 ἵπποι
1092 2291 1194 2334 δέκα
1219 2296 1529 2348 κεκοσμημένοι
1557 2291 1617 2345 ὥς

244 2359 468 2403 κάλλιστα.
528 2365 712 2403 Νισαῖοι
743 2360 789 2402 δὲ
813 2361 1038 2402 καλέονται
1063 2359 1202 2403 ἵπποι
1233 2359 1306 2403 ἐπὶ
1339 2361 1485 2403 τοῦδε·
1523 2360 1617 2404 ἔστι

246 2428 399 2471 πεδίον
423 2430 534 2484 μέγα
558 2431 634 2484 τῆς
658 2428 851 2484 Μηδικῆς
875 2432 936 2484 τῷ
964 2425 1126 2482 οὔνομά
1159 2427 1251 2471 ἐστι
1276 2432 1482 2472 Νίσαιον·
1514 2428 1617 2480 τοὺς

247 2491 304 2538 ὦν
344 2494 394 2552 δὴ
431 2495 599 2547 ἵππους
635 2494 738 2546 τους
776 2496 990 2551 μεγάλους
1027 2500 1153 2554 φέρει
1188 2495 1237 2539 τὸ
1276 2497 1429 2539 πεδίον
1472 2501 1614 2540 τοῦτο.

247 2561 416 2607 ὄπισθε
443 2564 488 2606 δὲ
513 2563 676 2607 τούτων
701 2567 786 2607 τῶν
813 2562 915 2607 δέκα
939 2564 1091 2607 ἵππων
1118 2561 1236 2621 ὅρμα
1260 2563 1366 2616 Διὸς
1398 2563 1489 2621 ἱρὸν
1515 2565 1617 2609 ἐπε-

247 2635 438 2684 τέτακτο,
465 2630 514 2675 τὸ
541 2632 678 2676 ἵπποι
701 2632 779 2687 μὲν
800 2630 937 2676 εἷλκον
957 2633 1100 2676 λευκοὶ
1122 2630 1248 2686 ὀκτώ,
1276 2630 1445 2678 ὄπισθε
1466 2633 1512 2677 δὲ
1531 2638 1616 2677 τῶν

246 2701 400 2744 ἵππων
427 2699 574 2744 εἵπετο
602 2700 708 2757 πεζῇ
733 2698 904 2757 ἡνίοχος
924 2699 1123 2755 ἐχόμενος
1142 2705 1227 2744 τιῦν
1243 2703 1447 2755 χαλινῶν·
1475 2700 1616 2754 οὐδεὶς

247 2767 328 2826 γὰρ
368 2766 417 2824 δὴ
457 2766 531 2812 ἐπὶ
567 2772 719 2812 τοῦτον
761 2768 835 2812 τὸν
878 2769 1040 2827 θρόνον
1083 2767 1334 2828 ἀνθρώπων
1378 2768 1612 2826 ἀναβαίνει.
