1747 3293
169 487 201 512 79

171 958 204 983 80

174 1431 206 1455 81

176 1768 208 1793 82

180 2309 212 2333 83

227 262 309 303 134
629 264 943 300 HPOAOTOY
972 264 1018 297 H.
1047 263 1191 298 'IS—83.

224 341 295 382 καὶ
321 337 527 391 Πάρμυος
551 339 627 391 τῆς
652 334 865 390 Σμέρδιος
889 336 967 375 τοῦ
993 332 1156 387 Κύρου,
1185 331 1424 388 Μάκρωνας
1451 332 1496 374 δὲ
1521 332 1593 374 καὶ

224 407 519 452 Μοσυνοίκους
541 399 795 458 Ἀρταΰκτης
828 398 850 442 5
877 400 1146 456 Χεράσμιος,
1181 398 1228 450 ὃς
1254 399 1419 456 Σηστὸν
1450 397 1524 455 τὴν
1551 397 1592 441 ἒν

222 470 520 528 Ἑλλησπόντῳ
549 468 831 523 ἐπετρόπευε.
892 471 1038 523 Μᾶρες
1065 467 1110 509 δὲ
1136 466 1211 509 ἐπὶ
1235 467 1310 520 μὲν
1336 471 1435 523 τῇσι
1459 483 1593 523 κεφα-

224 542 324 596 λῇσι
349 538 505 594 κράνεα
532 535 749 590 ἐπιχώρια
780 533 944 578 πλεκτὰ
970 531 1095 587 εἶχον,
1130 532 1321 585 ἀσπίδας
1355 534 1401 577 δὲ
1436 535 1594 589 δερμα-

224 610 343 657 τίνας
381 603 564 660 σμικρὰς
601 605 673 646 καὶ
710 600 901 646 ἀκόντια.
962 601 1124 655 Κόλχοι
1162 602 1209 644 δὲ
1246 603 1348 657 περὶ
1383 602 1459 656 μὲν
1495 605 1596 658 τῇσι

226 675 441 730 κεφαλῇσι
465 672 622 729 κράνεα
648 671 813 724 ξύλινα,
850 667 1043 720 ἀσπίδας
1070 669 1115 711 δὲ
1142 667 1387 724 ὠμοβοΐνας
1413 667 1595 726 σμικρὰς

228 741 385 795 αἰχμάς
410 757 456 783 τε
479 743 685 796 βραχέας,
720 736 832 793 πρὸς
859 738 905 780 δὲ
929 740 1145 791 μαχαίρας
1177 734 1300 790 εἶχον.
1360 740 1522 793 Μαρῶν
1550 736 1596 779 δὲ

227 810 298 851 καὶ
323 809 499 861 Κόλχων
526 801 624 864 ἦρχε
647 806 926 861 Φαρανδάτης
952 802 973 847 5
1006 805 1235 855 Τεάσπιος.
1280 802 1524 859 Σίλαρόδιοι
1549 804 1596 846 δὲ

226 878 298 919 καὶ
318 876 563 930 Σάσπειρες
583 875 777 929 κατάπερ
799 873 961 926 Κόλχοι
981 870 1251 926 ὠπλισμένοι
1272 871 1594 928 ἐστρατεύοντο.

228 944 390 987 τούτων
420 943 466 986 δὲ
495 946 739 992 Μασίστιος
765 938 786 983 5
814 944 1081 995 Σιρομίτρεω
1108 934 1220 996 ἦρχε.
1281 938 1336 982 τὰ
1367 939 1414 982 δὲ
1438 954 1596 994 νησιω-

228 1010 326 1054 τικὰ
353 1011 484 1054 ἔθνεα
508 1010 564 1053 τὰ
590 1009 634 1052 ἐκ
652 1006 952 1065 τῆςἘρυῧρῆς
971 1008 1202 1063 θαλάσσης
1223 1006 1427 1061 ἑπόμενα,
1456 1006 1595 1062 νήσων

229 1080 275 1122 δὲ
296 1079 336 1122 ἕν
357 1083 457 1136 τῇσι
476 1076 577 1128 τοὺς
592 1074 901 1126 ἀνασπάστους
921 1074 1204 1130 καλεομένους
1218 1074 1450 1126 κατοικίζει
1468 1077 1597 1128 βασι-

228 1147 338 1198 λεύς,
367 1144 590 1202 ἀγχοτάτω
616 1149 699 1187 τιῦν
724 1144 928 1199 Μηδικιῦν
956 1142 1067 1196 εἶχον
1095 1142 1263 1199 ἐσθῆτά
1295 1159 1342 1185 τε
1367 1143 1439 1184 καὶ
1465 1138 1596 1184 ὅπλα.

228 1214 393 1257 τούτων
420 1213 466 1255 δὲ
491 1216 575 1254 τιῦν
601 1210 846 1268 νησιωτέων
872 1205 970 1267 ἦρχε
989 1210 1245 1266 Μαρδόντης
1272 1208 1521 1265 ὃΒαγαίου,
1550 1208 1598 1259 ὃς

230 1281 272 1324 ἓν
302 1281 479 1335 Πυκάλῃ
513 1282 783 1335 στρατηγέων
816 1279 1000 1333 δευτέρῳ
1035 1277 1122 1320 ἔτεϊ
1156 1280 1319 1320 τούτων
1351 1276 1599 1332 ἐτελεύτησε

232 1366 273 1391 εν
298 1352 349 1405 τῇ
375 1347 504 1402 ιιάχη.

321 1418 464 1458 Totha
492 1407 538 1469 ἧν
564 1411 616 1455 τὰ
642 1410 730 1454 κατ’
749 1409 774 1468 1³]
777 1428 927 1468 τειρον
955 1411 1274 1492 στρατειόμενά
1299 1427 1345 1454 τε
1372 1411 1504 1455 ε’θνεα
1528 1412 1600 1454 καὶ

231 1485 467 1538 τεταγμένα
488 1480 530 1531 ἐς
549 1479 598 1524 τὸ
621 1479 764 1532 πεζόν.
810 1479 966 1522 τούτου
991 1481 1048 1522 ιύν
1067 1483 1143 1522 τοῦ
1172 1482 1358 1535 στρατοῦ
1378 1480 1505 1534 ἠρχον
1524 1479 1600 1533 μὲν

233 1552 353 1593 οὑτοι
380 1549 507 1628 οἵπερ
533 1547 743 1605 ειρέαται,
777 1548 849 1589 καὶ
882 1546 924 1589 οἱ
950 1547 1229 1599 διατάξαντες
1260 1548 1333 1589 καὶ
1359 1545 1600 1602 εξαριθμή-

234 1634 383 1668 σαντες
409 1618 531 1660 οὗτοι
557 1617 662 1671 ἦσαν
687 1632 758 1657 και
781 1614 1007 1672 χιλιάρχας
1038 1631 1082 1657 τε
1114 1616 1184 1657 καὶ
1215 1613 1455 1670 μυριάρχας
1487 1611 1602 1657 ἄπο-

235 1687 446 1738 δέξαντες,
487 1683 798 1739 ἑκατοντάρχας
837 1682 882 1724 δὲ
918 1683 990 1725 καὶ
1029 1682 1236 1739 δεκάρχας
1274 1681 1316 1724 οἱ
1351 1681 1601 1738 μυριάρχαι.

234 1753 387 1797 τελέων
414 1753 460 1795 δὲ
485 1753 556 1794 καὶ
583 1750 744 1794 ἐθνέων
770 1752 877 1806 ἦσαν
904 1747 1029 1793 ἄλλοι
1055 1750 1332 1806 σημάντορες.
1394 1750 1501 1804 ἦσαν
1525 1749 1600 1802 μὲν

235 1821 284 1878 δὴ
313 1822 434 1864 οὑτοι
460 1819 586 1876 οἵπερ
614 1818 805 1874 εἰρέαται
826 1815 1039 1874 α’ρχοντες,
1069 1817 1350 1874 ἐστρατήγεον
1371 1817 1418 1859 δὲ
1437 1816 1602 1860 τούτων

234 1905 280 1931 τε
311 1889 382 1930 καὶ
413 1891 490 1929 τοῦ
517 1886 769 1940 σύμπαντος
801 1890 988 1942 στρατοῦ
1019 1889 1095 1928 τοῦ
1126 1885 1259 1937 πεζοῦ
1286 1883 1533 1940 Μαρδόνιός
1557 1900 1604 1927 τε

237 1955 258 1998 5
290 1954 498 2011 Γωβρύεω
525 1957 596 1996 καὶ
626 1957 963 2010 Τριτανταίχμης
990 1951 1012 1996 5
1035 1951 1296 2010 Ἀρταβάνου
1328 1956 1406 1995 τοῦ
1432 1952 1603 2008 γνώμην

236 2027 424 2078 θεμένου
455 2021 513 2078 μὴ
547 2021 869 2078 στρατεύεσθαι
900 2020 974 2063 ἐπὶ
1004 2019 1082 2076 τὴν
1103 2018 1285 2064 Ἑλλάδα
1316 2022 1387 2063 καὶ
1412 2020 1604 2077 Σμερδο-

235 2095 363 2146 μένης
401 2088 423 2133 ὁ
457 2088 651 2140 Ὀτάνεω,
698 2092 882 2145 Δαρείου
929 2086 1173 2144 ἀμφότεροι
1215 2081 1336 2131 οὗτοι
1380 2085 1602 2144 ἀδελφεῶν

237 2159 411 2209 παῖδες,
438 2158 573 2213 Ξέρξῃ
602 2157 647 2199 δὲ
675 2155 860 2211 ἐγίνοντο
888 2153 1083 2210 ἀνεψιοί,
1116 2157 1187 2198 καὶ
1213 2159 1440 2211 Μασίστης
1467 2153 1488 2198 5
1516 2161 1605 2198 Δα-

238 2230 354 2281 ρείου
381 2241 427 2267 τε
452 2226 523 2267 καὶ
538 2222 741 2279 Ἀτόσσης
760 2232 867 2274 παῖς
889 2225 960 2265 καὶ
980 2226 1130 2278 Γέργις
1149 2221 1171 2266 5
1188 2220 1349 2278 Ἀρίζου
1371 2225 1442 2266 καὶ
1461 2223 1606 2278 Μεγά-

236 2296 364 2371 βυέος
391 2291 412 2336 5
440 2293 670 2349 Ζωπύρου.
708 2285 830 2334 οὗτοι
857 2285 963 2346 ἦσαν
990 2293 1221 2348 στρατηγοὶ
1246 2295 1324 2334 τοῦ
1352 2291 1604 2345 σύμπαντος

238 2374 317 2413 πεἓ
300 2361 371 2403 “”οῦ
394 2361 526 2415 χωρὶς
550 2363 636 2402 τιῦν
654 2366 837 2414 μυρίων·
864 2362 949 2401 τιῦν
970 2359 1016 2401 δὲ
1034 2362 1199 2415 μυρίων
1219 2359 1384 2402 τούτων
1405 2362 1605 2415 Περσέων

238 2432 322 2471 τῶν
350 2425 702 2482 ἀπολελεγμένων
728 2426 982 2483 ἐστρατήγεε
1006 2443 1082 2480 μεν
1092 2424 1299 2509 Ὑδάρνης
1330 2424 1352 2470 5
1375 2423 1603 2482 Ἱδάρνεος,

241 2496 462 2538 ἐκαλέοντο
490 2495 535 2537 δὲ
562 2492 781 2538 ἀθάνατοι
807 2494 848 2536 οἱ
867 2497 1034 2574 Πέρσαι
1060 2495 1181 2537 οὑτοι
1207 2493 1278 2537 επὶ
1305 2494 1451 2537 τοῦδε·
1478 2493 1606 2544 εἴτις

243 2562 385 2606 αυτιῦν
411 2561 581 2615 ἐξέλιπε
606 2561 680 2605 τὸν
707 2560 899 2616 ἀριθμὸν
925 2559 950 2618 ἢ
976 2562 1157 2618 θανάτῳ
1189 2564 1366 2618 βιηθεὶς
1398 2580 1421 2618 η
1448 2577 1604 2617 νουσω,

243 2629 371 2682 ἄλλος
397 2629 500 2710 ἇνηρ
528 2628 755 2686 ἀραίρητο,
789 2630 859 2672 καὶ
886 2627 1072 2684 εγίνοντο
1106 2627 1277 2684 οἰδαιιά
1303 2629 1401 2673 ου’τε
1426 2631 1606 2680 πλεῦνες

245 2717 297 2740 ιιι
303 2715 405 2755 οιων
432 2696 528 2741 ου’τε
555 2697 628 2740 ἕλ’
603 2713 797 2748 ασσονες.
858 2697 1019 2750 κόσιιον
1046 2697 1092 2739 δὲ
1117 2699 1322 2741 πλεῖστον
1347 2701 1604 2755 παρείχοντο

243 2765 316 2808 διὰ
342 2766 516 2809 πάντων
541 2769 719 2822 Πέρσαι,
747 2766 816 2808 καὶ
845 2762 968 2808 αιτοὶ
996 2762 1167 2822 ἄριστοι
1196 2759 1315 2821 ἦσαν.
1355 2763 1504 2821 σκειὴν
1528 2765 1604 2819 μὲν
