1747 3293
214 1534 259 1559 101

223 2681 269 2705 102

276 235 361 276 226
661 238 974 274 ΗΡΟΔΟΤΟΥ
1006 238 1050 272 Θ.
1077 238 1265 273 loo—102.

277 316 384 354 νεῶν
409 309 666 365 πειρήσεται
692 306 974 362 ἀντιωθῆναι,
1004 303 1090 348 οὔτ’
1109 305 1154 348 ἐκ
1177 311 1254 362 τῆς
1279 304 1460 362 ἠπείρου
1487 308 1640 363 τῆσδε·

279 378 392 420 οἵτε
418 375 518 433 ἡμῖν
541 373 835 431 ἠντιώθησαν,
864 373 1019 416 ἔδοσαν
1045 373 1177 423 δίκας.
1229 373 1267 416 εἰ
1290 377 1367 427 μέν
1391 391 1462 417 νυν
1489 375 1639 426 δοκέει,

280 442 434 486 αὐτίκα
459 442 747 497 πειρειύμεθα
771 445 846 497 τῆς
871 440 1224 496 Πελοποννήσου·
1263 440 1301 482 εἰ
1332 441 1378 483 δὲ
1407 442 1477 483 καὶ
1504 440 1643 484 δοκέει

284 513 485 563 ἐπισχεῖν,
521 512 702 565 παρέχει
732 511 898 551 ποιέειν
928 512 1078 550 ταῦτα.
1137 505 1195 564 μὴ
1229 508 1274 549 δὲ
1312 508 1552 562 δυσθύμεε·
1591 507 1642 551 οὗ

277 578 357 633 γάρ
385 577 476 620 ἐστι
492 574 666 632 Ἕλλησι
692 574 871 629 οὐδεμία
897 575 1066 626 ἔκδυσις
1090 573 1147 630 μὴ
1169 572 1216 617 οὗ
1239 575 1393 626 δόντας
1410 575 1539 631 ’λόγον
1557 579 1644 619 τῶν

280 645 490 700 ἐποίησαν
510 648 581 686 νῦν
600 660 645 686 τε
664 645 736 685 καὶ
755 643 967 699 πρότερον
982 641 1092 685 εἶναι
1106 640 1210 692 σοὺς
1230 642 1420 693 δούλους.
1453 643 1644 696 μάλιστα

277 716 353 767 μέν
384 730 455 755 νυν
485 715 623 754 ταῦτα
653 714 797 753 ποίεε·
837 709 875 752 εἰ
912 709 951 753 δ’
976 707 1061 765 ἄρα
1096 725 1167 752 τοι
1195 710 1478 763 βεβούλευται
1514 707 1645 753 αὐτὸν

281 778 580 823 ἀπελαύνοντα
617 776 802 833 ἀπάγειν
839 776 914 833 τὴν
953 777 1168 834 στρατιήν,
1207 773 1338 832 ἄλλην
1375 776 1455 830 ἔχω
1492 779 1564 819 καὶ
1601 777 1645 820 ἐκ

279 848 415 890 τῶνδε
438 846 609 903 βουλήν.
660 844 710 888 σὺ
736 848 918 901 Πέρσας,
944 845 1145 899 βασιλεῦ,
1172 842 1230 900 μὴ
1255 844 1444 901 ποιήσῃς
1467 859 1646 900 καταγε-

279 916 466 965 λάστους
490 917 697 970 γενέσθαι
712 909 898 968 Ἕλλησι.
943 908 1066 954 οὐδὲν
1090 909 1170 967 γὰρ
1197 909 1239 953 ἐν
1264 914 1457 968 Πέρσῃσί
1479 928 1549 955 τοι
1574 913 1643 954 δε-

283 982 462 1038 δήληται
498 985 584 1023 τῶν
620 979 902 1036 πρηγμάτων,
948 976 1048 1022 οὐδὲ
1090 977 1222 1033 ἐρέεις
1260 974 1360 1022 ὅκου
1406 978 1645 1034 ἐγενόμεθα

283 1047 432 1105 ἄνδρες
451 1052 586 1091 κακοί.
625 1047 664 1090 εἰ
684 1048 730 1090 δὲ
753 1049 943 1096 Φοίνικές
962 1062 1008 1088 τε
1026 1047 1096 1087 καὶ
1115 1045 1354 1101 Αἰγύπτιοι
1371 1048 1442 1088 καὶ
1456 1047 1647 1103 Κύπριοί

281 1133 327 1159 τε
352 1118 421 1158 καὶ
447 1117 618 1166 Κίλικες
641 1117 764 1157 κακοὶ
790 1113 998 1169 ἐγένοντο,
1034 1110 1156 1155 οὐδὲν
1180 1112 1293 1169 πρὸς
1316 1116 1487 1170 Πέρσας
1516 1118 1646 1156 τοῦτο

281 1183 493 1240 προσήκει
517 1181 566 1225 τὸ
593 1183 757 1232 πάθος.
795 1181 875 1237 ἤδη
904 1174 961 1223 ὦν
987 1178 1137 1236 ἐπειδὴ
1165 1177 1213 1222 οὗ
1233 1183 1398 1236 Πέρσαι
1422 1197 1492 1223 τοι
1512 1181 1647 1224 αἴτιοί

283 1251 380 1299 εἰσι,
409 1249 506 1303 ἐμοὶ
531 1253 710 1292 πείθεο·
737 1249 780 1291 εἴ
799 1265 867 1291 τοι
893 1248 1092 1290 δέδοκται
1116 1246 1174 1301 μη
1195 1250 1470 1303 παραμένειν,
1499 1247 1550 1291 σὺ
1570 1249 1647 1302 μὲν

287 1318 329 1368 ἐς
356 1316 470 1373 ἤθεα
494 1316 549 1359 τὰ
575 1320 765 1359 σεωυτοῦ
793 1313 1025 1365 ἀπέλαυνε,
1057 1318 1133 1369 τῆς
1164 1318 1366 1371 στρατιῆς
1391 1312 1572 1371 ἀπάγων
1595 1314 1646 1358 τὸ

283 1385 459 1435 πολλόν,
496 1382 569 1438 ἐμὲ
596 1384 642 1426 δέ
668 1399 739 1426 σοι
761 1380 840 1438 χρὴ
865 1381 939 1437 τὴν
959 1379 1140 1424 Ἑλλάδα
1164 1390 1404 1436 παρασχεῖν
1435 1383 1649 1426 δεδουλω-

284 1456 424 1508 μένην,
457 1451 684 1507 τριήκοντα
714 1449 930 1505 μυριάδας
960 1452 1035 1491 τοῦ
1068 1453 1253 1502 στρατοῦ
1285 1447 1644 1504 ἀπολεξάμενον.”

286 1524 421 1563 ταῦτα
454 1516 643 1569 ἀκούσας
667 1519 827 1574 Ξέρξης
858 1514 917 1567 ὡς
949 1515 992 1558 ἐκ
1024 1520 1162 1558 κακῶν
1195 1515 1323 1573 ἐχάρη
1348 1533 1395 1559 τε
1418 1518 1491 1560 καὶ
1513 1514 1646 1574 ἥσθη,

285 1587 397 1643 πρὸς
431 1586 679 1642 Μαρδόνιόν
715 1601 760 1628 τε
794 1584 1139 1639 βουλευσάμενος
1182 1582 1264 1640 ἔφη
1308 1581 1648 1640 ὑποκρινέεσθαι

285 1653 486 1710 ὁκότερον
517 1653 696 1710 ποιήσει
725 1653 904 1695 τούτων.
967 1648 1026 1702 (ὃς
1058 1651 1104 1695 δὲ
1136 1649 1385 1705 ἐβουλεύετο
1418 1649 1509 1706 ἅμα
1539 1661 1647 1710 Περ-

287 1727 395 1766 σέων
420 1730 537 1764 τοῖσι
563 1720 853 1776 ἐπικλήτοισι,
882 1719 1004 1771 ἔδοξέ
1028 1718 1071 1761 οἱ
1094 1720 1167 1760 καὶ
1186 1716 1450 1776 Ἀρτεμισίην
1475 1718 1517 1771 ἐς
1543 1736 1650 1775 συμ-

284 1792 460 1845 βουλίην
490 1791 893 1843 μεταπέμψασθαι,
933 1784 1003 1830 ὅτι
1032 1786 1245 1843 πρότερον
1282 1785 1482 1843 ἐφαίνετο
1512 1788 1648 1844 μούνη

286 1862 442 1901 νοεῦσα
468 1854 522 1899 τὰ
547 1855 733 1912 ποιητέα
752 1849 813 1912 ἦν.
853 1853 911 1906 (ὃς
938 1855 984 1897 δὲ
1004 1851 1184 1896 ἀπίκετο
1204 1851 1228 1910 ἡ
1240 1851 1493 1911 Ἀρτεμισίη,
1519 1872 1651 1910 μετα-

289 1925 554 1980 στησάμενος
572 1922 672 1973 τοὺς
692 1920 858 1973 ἄλλους,
886 1922 986 1972 τούς
1006 1938 1051 1963 τε
1072 1922 1341 1974 συμβούλους
1358 1921 1559 1978 Περσέων
1579 1925 1651 1965 καὶ

287 1990 388 2042 τοὺς
403 1990 687 2047 δορυφόρους,
712 1989 824 2041 ἔλεξε
838 1991 996 2045 Ξέρξης
1008 1989 1112 2031 τάδε
1128 1986 1319 2031 ((κελεύει
1337 2005 1392 2042 με
1404 1990 1651 2046 Μαρδόνιος

287 2060 468 2114 μένοντα
499 2056 629 2100 αὐτοῦ
661 2061 910 2114 πειρᾶσθαι
939 2060 1013 2112 τῆς
1043 2056 1394 2111 Πελοποννήσου,
1428 2058 1560 2113 λέγων
1592 2057 1653 2112 ὥς

287 2143 363 2181 μοι
396 2129 558 2182 Πέρσαι
590 2141 637 2167 τε
667 2127 736 2166 καὶ
777 2123 799 2166 ὁ
837 2124 967 2176 πεζὸς
1004 2122 1187 2178 στρατὸς
1224 2121 1397 2174 οὐδενὸς
1432 2128 1649 2178 μεταίτιοι

288 2193 464 2244 πάθεός
489 2192 585 2244 εἶσι,
615 2189 724 2234 ἀλλὰ
747 2194 1053 2246 βουλομένοισί
1078 2207 1158 2247 σφι
1182 2189 1332 2246 γένοιτ’
1350 2189 1400 2233 ἂν
1427 2189 1648 2245 ἀπόδεξις.

291 2262 364 2316 ἐμὲ
391 2255 449 2303 ὦν
474 2258 499 2317 ἢ
524 2264 661 2302 ταῦτα
680 2260 841 2302 κελεύει
861 2263 1038 2310 ποιέειν,
1066 2256 1092 2315 ἢ
1113 2255 1243 2309 αὗτὸς
1263 2257 1406 2301 ἐθέλει
1426 2260 1652 2316 τριήκοντα

289 2329 505 2384 μυριάδας
531 2325 852 2380 ἀπολεξάμενος
882 2330 958 2369 τοῦ
990 2330 1176 2382 στρατοῦ
1208 2335 1448 2380 παρασχεῖν
1477 2344 1554 2381 μοι
1579 2326 1653 2384 τὴν

286 2395 468 2440 Ἑλλάδα
500 2396 830 2450 δεδουλωμένην,
871 2392 998 2436 αὐτὸν
1031 2391 1070 2436 δ’
1094 2393 1168 2447 ἐμὲ
1205 2393 1367 2436 κελεύει
1397 2391 1654 2439 ἀπελαύνειν

292 2463 366 2508 σὺν
390 2468 451 2519 τῷ
477 2464 619 2518 λοιπῷ
646 2465 816 2518 στρατῷ
843 2460 886 2512 ἐς
910 2459 1025 2517 ἤθεα
1050 2459 1103 2503 τὰ
1129 2460 1226 2515 ἐμά.
1276 2459 1328 2504 σὺ
1356 2455 1415 2504 ὦν
1441 2461 1555 2516 ἐμοί,
1583 2465 1654 2505 καὶ

292 2531 372 2588 γὰρ
400 2532 499 2587 περὶ
524 2534 598 2587 τῆς
624 2532 859 2586 ναυμαχίης
884 2523 929 2571 εὖ
957 2528 1297 2583 συνεβούλευσας
1325 2533 1401 2586 τῆς
1429 2533 1655 2586 γενομένης

294 2598 367 2643 οὐκ
388 2599 504 2642 ἐῶσα
523 2600 774 2648 ποιέεσθαι,
800 2601 873 2639 νῦν
892 2613 938 2639 τε
959 2596 1279 2651 συμβούλευσον
1294 2594 1473 2654 ὁκότερα
1492 2600 1654 2640 ποιέων

297 2667 484 2719 ἐπιτύχω
512 2660 556 2708 εὖ
582 2662 964 2720 βουλευσάμειός.υ
1005 2661 1028 2707 ὁ
1054 2664 1130 2718 μὲν
1154 2668 1290 2706 ταῦτα
1310 2664 1651 2719 συνεβουλεύετο,

297 2733 315 2792 ἡ
346 2735 391 2777 δὲ
417 2736 528 2790 λέγει
552 2734 657 2776 τάδε
677 2730 902 2787 ι(βασιλεῦ,
934 2731 1123 2784 χαλεπὸν
1146 2735 1223 2787 μέν
1248 2731 1340 2776 ἐστι
1365 2734 1654 2787 συμβουλευο·
