1747 3293
469 268 786 304 ΗΡΟΔΟΤΟΥ
817 270 862 305 Η.
888 269 1077 304 196-198,
1378 259 1458 300 177

96 336 351 392 πυθόμενος
388 334 447 389 ὥς
485 336 637 394 ἀρίστη
677 338 740 394 ε’ίη
772 341 856 381 τῶν
889 337 931 380 ἐν
951 335 1145 394 Ἕλλησι·
1183 337 1292 380 ἔνθα
1329 336 1378 394 δὴ
1413 336 1459 379 αἱ

91 403 328 461 Ἑλληνίδες
352 404 489 448 ἵπποι
515 404 736 448 ἐλείποντο
762 405 939 449 πολλόν.
977 409 1061 448 τῶν
1085 404 1162 460 μέν
1186 423 1258 449 νυν
1285 405 1326 448 ἐν
1353 411 1458 449 Θεσ-

95 473 224 528 σαλίῃ
245 476 456 527 ποταμῶν
466 471 689 526 Ὀνόχωνος
705 477 864 527 μοῦνος
886 471 962 516 οὐκ
975 471 1192 530 ἀπέχρησε
1212 477 1263 530 τῇ
1278 477 1458 530 στρατιῇ

95 538 145 582 τὸ
172 541 353 596 ῥέεθρον
378 539 629 595 πινόμενος·
661 545 746 584 τιῦν
773 541 820 584 6&
846 541 887 584 ἐν
909 539 1069 598 Ἀχαιίῃ
1103 545 1313 595 ποταμῶν
1339 541 1457 598 ῥεόν-

95 624 181 650 των
204 605 304 650 οὐδὲ
324 604 445 658 ὅστις
462 611 663 664 μέγιστος
684 607 823 651 αὐτῶν
843 606 1187 661 ἐστὶἨπιδανός,
1213 607 1313 652 οὐδὲ
1333 603 1459 659 οὗτος

96 673 271 728 ἀντέσχε
297 675 335 717 εἰ
357 673 416 731 μὴ
444 676 660 732 φλαύρως.

178 741 243 793 {Eg
264 740 381 785 Ἄλον
413 743 459 785 6&
489 747 566 800 τῆς
592 742 777 799 Ἀχαιίης
808 741 1057 798 ἀπικομένῳ
1089 744 1223 799 Ξέρξῃ
1257 743 1299 785 οἱ
1329 760 1458 800 κατη-

95 811 271 867 γεμόνες
300 814 376 866 τῆς
408 808 511 852 ὁδοῦ
540 810 798 865 βουλόμενοι
828 809 877 852 τὸ
910 814 998 852 πᾶν
1030 809 1286 866 ἐξηγέεσθαι
1318 811 1461 867 ἔλεγόν

98 878 141 920 οἱ
166 877 399 934 ἐπιχώριον
423 877 561 933 λόγον,
588 876 644 920 τὰ
663 879 763 933 περὶ
783 876 832 919 τὸ
855 875 946 931 ἱρὸν
964 881 1041 919 τοῦ
1060 881 1319 933 Λαφυστίου
1340 879 1458 930 Διός,

99 944 158 996 (ῦς
172 943 368 998 Ἀθάμας
394 941 416 986 ὃ
436 944 601 987 Αἰόλου
628 943 922 1000 ἐμηχανήσατο
948 945 1088 1000 Φρίξῳ
1114 945 1248 999 μόρον
1274 943 1350 988 σὺν
1364 943 1464 988 Ἰνοῖ

97 1012 348 1068 βουλεύσας,
375 1014 625 1066 μετέπειτεν
651 1012 697 1054 δὲ
723 1009 782 1062 ὥς
808 1010 852 1054 ἐκ
871 1015 1151 1066 θεοπροπίου
1166 1010 1327 1065 Ἀχαιοὶ
1352 1029 1462 1069 προ-

97 1085 266 1123 τιθεῖσι
289 1087 406 1122 τοῖσι
433 1078 592 1122 ἐκείνου
625 1077 885 1135 ἀπογόνοισι
916 1076 1107 1130 ἀέθλους
1136 1080 1352 1124 τοιούσδε.
1414 1080 1462 1132 ὃς

98 1146 150 1191 ἂν
173 1141 200 1204 ᾖ
224 1151 301 1190 τοῦ
327 1150 469 1202 γένεος
493 1147 647 1190 τούτου
674 1146 985 1203 πρεσβύτατος,
1012 1147 1153 1204 τούτῳ
1182 1147 1462 1201 ἐπιτάξαντες

98 1215 307 1273 ἔργεσθαι
341 1218 419 1257 τοῦ
456 1216 631 1271 ληίτου
665 1213 789 1258 αὗτοὶ
820 1213 1015 1272 φυλακὰς
1046 1214 1191 1268 ἔχουσι
1223 1216 1384 1272 (λήιτον
1416 1216 1463 1259 6&

97 1285 300 1326 καλέουσι
324 1281 373 1325 τὸ
400 1283 663 1339 πρυτανήιον
684 1283 726 1326 οἱ
741 1282 930 1336 Άχαιοί),
958 1279 1007 1339 ἢν
1028 1283 1074 1326 δὲ
1094 1283 1253 1341 ἐσέλθῃ
1275 1281 1349 1327 οὖν.
1370 1283 1462 1327 ’ἐστι

98 1347 210 1401 ὅκως
236 1350 368 1402 ἔξεισι
392 1351 494 1405 πρὶν
518 1348 544 1405 ἢ
570 1350 794 1393 θύσεσθαι
819 1352 970 1406 μέλλῃ·
1002 1347 1061 1401 ὥς
1085 1349 1119 1393 τ)
1138 1351 1201 1394 ἔτι
1226 1350 1337 1406 πρὸς
1360 1352 1461 1395 τού-

96 1434 214 1461 τοισι
239 1419 397 1460 πολλοὶ
426 1415 506 1473 ἤδη
538 1418 702 1461 τούτων
733 1422 818 1460 τῶν
842 1418 1083 1472 μελλόντων
1113 1419 1342 1462 θύσεσθαι
1375 1420 1462 1462 δεί-

99 1502 250 1536 σαντες
287 1485 455 1538 οἴχοντο
495 1483 765 1540 ἀποδράντες
802 1484 844 1536 ἐς
876 1484 1005 1542 ἄλλην
1032 1486 1186 1543 χώρην,
1222 1487 1376 1543 χρόνου
1416 1488 1462 1530 δὲ

98 1553 331 1611 προϊόντος
357 1551 501 1596 ὀπίσω
527 1553 810 1603 κατελθόντες
838 1551 884 1609 ἢν
916 1551 1175 1596 ἁλίσκωνται
1208 1553 1461 1606 ἐσελθόντες

99 1620 143 1672 ἐς
166 1620 216 1664 τὸ
242 1621 517 1676 πρυτανήιον,
553 1618 612 1671 (ὃς
642 1621 801 1663 θύεταί
830 1637 875 1663 τε
902 1620 1098 1677 ἐξήγοντο
1132 1626 1347 1676 στέμμασι
1373 1627 1462 1674 πᾶς

99 1690 345 1739 πυκασθεὶς
363 1690 435 1730 καὶ
451 1685 509 1739 ὦς
523 1687 599 1731 σὺν
613 1692 770 1744 πομπῇ
786 1688 997 1741 ἐξαχθείς.
1029 1693 1166 1732 ταῦτα
1181 1691 1227 1732 6&
1241 1691 1461 1743 πάσχουσι

100 1756 437 1812 οἱΚυτισσιόρου
457 1760 534 1798 τοῦ
552 1758 706 1813 Φρίξου
728 1755 889 1806 παιδὸς
909 1753 1133 1811 ἀπόγονοι,
1158 1758 1273 1800 διότι
1292 1751 1470 1815 καθαρξ

98 1824 180 1878 μὸν
203 1828 278 1880 τῆς
299 1824 442 1880 χώρης
467 1827 735 1877 ποιευμένων
755 1821 931 1876 ι’-ίχαιιῦν
957 1822 1001 1865 ἐκ
1028 1828 1307 1879 θεοπροπίου
1329 1823 1461 1869 2302-

99 1909 239 1946 μαντα
269 1891 343 1935 τὸν
366 1891 531 1934 Αἰόλου
562 1893 632 1933 καὶ
664 1891 906 1945 μελλόντων
936 1908 1009 1945 μιν
1041 1891 1166 1934 θύειν
1199 1889 1460 1946 ἀπικόμενος

100 1954 226 2010 οὗτος
252 1957 274 2002 ὃ
294 1963 573 2014 Κυτίσσωρος
594 1959 640 2011 ἐξ
655 1960 766 2015 Αἴης
784 1963 859 2015 τῆς
877 1960 1087 2012 Κολχίδος
1109 1959 1331 2015 ἐρρύσατο,
1360 1978 1462 2004 ποι-

99 2029 207 2083 ήσας
233 2028 278 2070 δὲ
302 2031 430 2070 τοῦτο
455 2036 571 2070 τοῖσι
599 2027 940 2083 ἐπιγενομένοισι
972 2026 1018 2079 ἐξ
1046 2027 1206 2070 ἑωυτοῦ
1237 2032 1361 2084 μῆνιν
1390 2033 1461 2071 τοῦ

99 2099 208 2138 θεοῦ
247 2094 429 2149 ἐνέβαλε.
496 2096 655 2151 Ξέρξης
692 2096 738 2137 δὲ
774 2099 910 2137 ταῦτα
947 2093 1135 2146 ἀκούσας
1172 2093 1230 2146 ὦς
1266 2095 1375 2138 κατὰ
1412 2095 1460 2138 τὸ

101 2160 233 2214 ἒίλσος
254 2162 429 2218 ἐγένετο,
453 2160 582 2213 αὐτός
600 2179 645 2205 τε
666 2163 809 2218 ἔργετο
832 2161 964 2205 αὐτοῦ
984 2165 1053 2205 καὶ
1073 2168 1125 2220 τῇ
1141 2168 1319 2220 στρατιῇ
1340 2164 1460 2220 πάσῃ

100 2231 377 2287 παρήγγειλε,
422 2235 507 2273 τῶν
549 2247 595 2272 τε
628 2227 898 2284 Ἀθάμαντος
941 2228 1168 2286 ἀπογόνων
1210 2230 1284 2287 τὴν
1328 2232 1462 2287 οἰκίην

102 2296 265 2352 ὁμοίως
289 2300 361 2340 καὶ
384 2296 434 2341 τὸ
461 2297 635 2352 τέμενος
662 2297 846 2351 ἐσέβετο.

192 2369 334 2408 Ταῦτα
358 2366 433 2419 μὲν
457 2364 511 2407 τὰ
537 2365 579 2407 ἐν
607 2367 817 2421 Θεσσαλίῃ
843 2366 915 2407 καὶ
939 2364 993 2408 τὰ
1019 2365 1060 2408 ἐν
1080 2364 1261 2423 Ἀχαιίῃ·
1295 2365 1383 2409 ἀπὸ
1418 2367 1464 2411 δὲ

103 2432 267 2475 τούτων
290 2437 375 2475 τῶν
400 2433 549 2489 χώρων
574 2429 641 2489 ἤιε
668 2432 710 2483 ἐς
733 2431 809 2487 τὴν
834 2434 1006 2488 Μηλίδα
1036 2433 1157 2488 παρὰ
1187 2434 1350 2476 κόλπον
1375 2438 1463 2475 θα-

104 2500 285 2555 λάσσης,
319 2498 360 2541 ἐν
385 2504 444 2555 τῷ
472 2498 674 2553 ἄμπωτίς
703 2516 748 2541 τε
774 2501 845 2541 καὶ
870 2501 991 2556 ῥηχίη
1025 2498 1105 2542 ἀνὰ
1130 2504 1276 2543 πᾶσαν
1309 2499 1463 2557 ἡμέρην

104 2571 280 2624 γίνεται.
335 2568 435 2622 περὶ
462 2567 509 2609 6&
532 2565 605 2609 τὸν
629 2567 791 2610 κόλπον
816 2571 969 2609 τοῦτον
994 2567 1085 2610 ἔστι
1107 2572 1248 2622 χῶρος
1273 2569 1460 2620 πεδινός,

106 2639 157 2692 τῇ
182 2635 259 2689 μὲν
284 2633 409 2690 εὗρὺς
432 2638 482 2691 τῇ
510 2634 555 2676 6&
579 2636 649 2676 καὶ
674 2634 808 2689 κάρτα
834 2635 1017 2685 στεινός·
1043 2637 1144 2692 περὶ
1170 2636 1216 2678 6&
1234 2634 1308 2679 τὸν
1324 2640 1464 2691 χῶρον

110 2701 238 2759 οἷ”ρεα
273 2700 422 2758 ὑψηλὰ
451 2703 521 2744 καὶ
559 2700 701 2755 ἄβατα
736 2703 975 2758 περικληίει
1012 2707 1158 2746 πᾶσαν
1188 2702 1262 2759 τὴν
1292 2705 1463 2759 Μηλίδα

109 2775 195 2826 γῆν,
228 2774 444 2826 Τρηχίνιαι
470 2773 627 2824 πέτραι
651 2770 918 2823 καλεόμεναι.
962 2770 1114 2827 πρώτη
1140 2774 1216 2825 μέν
1240 2789 1311 2814 νυν
1336 2772 1464 2823 πόλις

179 2837 308 2864 Herodoti
325 2838 372 2864 tol.
388 2837 424 2863 ΙΙ.
1173 2837 1216 2871 12

1483 756 1532 781 197

1489 2378 1539 2404 193
