1747 3293
189 662 222 686 24

193 1136 224 1160 25

192 2357 224 2381 26

248 235 334 276 254
660 239 973 274 ΗΡΟΔΟΤΟΥ
1001 238 1029 272 Ι.
1054 237 1201 272 23—26.

246 311 322 355 τὸν
346 310 490 365 τεκρὸι
517 307 752 351 ἀπέλιπον·
786 305 844 357 ιῦς
871 307 918 350 δέ
944 323 1024 364 σφι
1048 305 1098 349 τὸ
1125 307 1301 362 πλῆθος
1333 305 1612 360 ἕπεβιόθησε,

250 377 359 421 οἷ’τω
387 377 437 433 δὴ
466 375 607 419 οἰκετι
633 375 675 418 οἱ
702 375 891 418 ἱππόται
916 373 1140 427 ὗπέιιενον,
1170 371 1270 415 οὗδέ
1295 388 1376 428 σφι
1402 371 1614 428 ἐξεγένετο

246 445 319 488 τὸν
343 444 488 499 νεκρὸν
514 442 761 494 ἀνελέσθαι,
791 441 843 484 ἀι
825 441 899 484 λὰ
925 440 1036 497 πρὸς
1063 440 1206 496 ἕκείνω
1229 438 1384 490 ἄλλους
1408 455 1615 496 προσαπ-

248 515 412 555 ώλεσαν
448 516 534 554 τιῦν
583 511 767 554 ἱππέων.
837 509 1163 565 ἀποστήσαντες
1201 501 1259 550 ὦν
1303 504 1405 551 ὅσον
1445 524 1492 550 τε
1536 507 1612 549 δύο

248 581 405 623 στάδια
431 578 709 634 ἐβουλεύοντο
738 576 762 620 ὅ
781 595 823 621 τι
846 576 982 634 χρειὺν
1002 578 1066 633 εἴη
1086 578 1273 620 ποιέειν·
1301 575 1444 619 ἐδόκεε
1467 575 1514 617 δέ
1532 590 1614 631 σφι

248 647 453 704 ἀναρχίης
479 647 633 704 ἐούσης
659 645 917 689 ἀπελαύνειν
942 644 1064 701 παρὰ
1089 644 1348 701 Μαρδόνιον.
1405 640 1617 697 ἀπικομέ-

247 733 319 770 νης
349 716 394 758 δὲ
418 719 493 771 τῆς
518 715 661 758 ἵππου
690 714 732 765 ἒς
756 714 806 757 τὸ
835 713 1133 770 στρατόπεδον
1159 715 1326 762 πένθος
1352 709 1616 766 ἐποιήσαντο

247 787 494 826 Μασιστίου
526 783 650 826 πᾶσά
681 799 727 825 τε
759 780 782 838 ἡ
817 780 997 838 στρατιὴ
1029 781 1099 822 καὶ
1126 779 1371 836 Μαρδόνιος
1400 781 1615 834 μέγιστον,

250 856 388 907 σφέας
412 868 458 894 τε
485 849 644 901 αὐτοὺς
669 854 880 906 κείροντες
906 851 975 892 καὶ
1002 848 1102 899 τοὺς
1126 847 1306 898 ἵππους
1324 847 1395 889 καὶ
1425 845 1480 889 τὰ
1505 843 1617 889 ὕπο-

250 920 389 975 ζόγια,
430 919 596 975 οἰμωγῇ
630 935 675 961 τε
704 919 929 975 χρεόμενοι
962 914 1151 972 ἀπλέτῳ.
1213 912 1389 958 ἅπασαν
1423 912 1505 970 γὰρ
1541 912 1617 970 τὴν

248 991 462 1043 Βοιωτίην
500 995 668 1040 κατεῖχε
706 984 791 1042 ιχιὺ
831 983 890 1036 (ὃς
927 983 1082 1039 ἀιδρὸς
1119 981 1393 1036 ἀπολομένου
1430 981 1539 1036 μετά
1569 998 1616 1038 γε

249 1056 494 1119 Μαρδόιιον
521 1056 819 1111 λογιιιωτατου
847 1053 967 1108 παρά
993 1069 1038 1095 τε
1063 1051 1256 1108 Πέρσῃσι
1281 1052 1353 1093 καὶ
1376 1051 1562 1104 βασιλέϊ.

337 1123 385 1166 Οι
409 1123 486 1177 μέν
511 1141 581 1166 νιν
605 1123 821 1178 βάρβαροι
847 1122 998 1176 τρόπω
1024 1124 1084 1176 τιῦ
1111 1122 1307 1176 σφετέρω
1329 1116 1617 1161 ἀποθανόντα

251 1190 417 1244 ἒτίιιεον
437 1196 692 1240 Μασιστιον,
723 1190 763 1232 οἳ
791 1189 835 1231 δὲ
852 1186 1048 1244 Ἕλληνες
1074 1185 1133 1237 (ὃς
1158 1186 1232 1243 τὴν
1260 1204 1287 1229 ι
1282 1203 1397 1229 τπον
1419 1185 1616 1237 ἐδέξαντο

250 1259 528 1315 προσβάλλοι
535 1274 612 1300 σαν
638 1259 707 1299 καὶ
736 1257 915 1309 δεὲαιιει
909 1273 961 1298 οι
982 1254 1164 1305 ὤσαντο,
1194 1253 1446 1310 ἐθάρσησαν
1466 1253 1617 1308 πολλῷ

249 1329 424 1380 μᾶλλον.
486 1328 556 1368 καὶ
583 1329 738 1380 πρώτα
758 1325 844 1408 έιὲν
876 1323 918 1374 ές
951 1319 1119 1376 αἰιαξαν
1146 1321 1347 1372 ἐσθέντες
1375 1319 1448 1364 τὸν
1472 1319 1618 1375 νεκρὸν

252 1393 371 1449 παρὰ
390 1411 468 1444 τας
487 1394 608 1445 τάξις
629 1392 843 1446 ἔκόιιιζον·
872 1388 893 1433 ὃ
917 1391 962 1434 δὲ
982 1407 1127 1446 νεκρός
1146 1391 1195 1445 ἠν
1216 1393 1324 1444 θέης
1344 1385 1466 1441 ἄξιος
1484 1388 1618 1443 μεγά-

252 1466 357 1512 θεος
400 1462 552 1504 εἵνεκεν
595 1462 665 1503 καὶ
708 1460 898 1510 κάλλεος.
958 1463 1044 1501 τιῦν
1089 1458 1135 1500 δὲ
1178 1457 1331 1500 εἵνεκεν
1371 1458 1443 1499 καὶ
1478 1460 1617 1500 ταῦτα

251 1529 444 1573 ἐποίευν·
472 1528 739 1578 ἐκλείποντες
764 1526 842 1578 τὰς
865 1528 988 1579 τάξις
1014 1525 1212 1582 ἐφοίτεον
1232 1525 1503 1581 θηησόμενοι
1522 1531 1618 1567 Μα-

250 1602 430 1641 σίστιον.
491 1595 601 1650 μετὰ
629 1596 674 1638 δὲ
700 1596 821 1647 ἔδοξέ
846 1612 929 1651 σφι
955 1595 1270 1649 ἐπικαταβῆναι
1303 1592 1345 1644 ές
1369 1592 1617 1643 Πλαταιάς·

252 1663 274 1708 ὁ
311 1665 391 1721 γὰρ
426 1669 568 1721 χιῦρος
606 1664 806 1720 ἐφαίνετο
844 1664 994 1720 πολλῷ
1032 1661 1112 1705 ἒιὺν
1157 1660 1500 1718 ἐπιτηδειότερός
1536 1675 1618 1717 σφι

252 1733 729 1790 ἐνστρατοπεδεύεσθαι
756 1729 778 1775 ὁ
805 1729 1070 1781 Πλαταιικὸς
1100 1734 1174 1774 τοῦ
1198 1727 1457 1786 Ἐρυθραίου
1489 1727 1544 1771 τά
1568 1744 1616 1770 τε

251 1799 360 1844 ἄλλα
391 1803 461 1845 καὶ
489 1798 782 1856 εὐυδρότερος.
845 1799 887 1850 ές
917 1803 1069 1842 τοῦτον
1103 1797 1152 1854 δὴ
1178 1797 1251 1841 τὸν
1279 1801 1420 1854 χιῦρον
1443 1797 1515 1838 καὶ
1542 1795 1617 1839 ἐπὶ

248 1868 322 1925 τὴν
348 1869 499 1926 κρήνην
524 1867 597 1925 τὴν
616 1871 869 1924 Γαργαφίην
894 1866 967 1923 τὴν
994 1867 1036 1909 ἐν
1060 1870 1121 1923 τῷ
1144 1866 1273 1922 χώρῳ
1298 1865 1438 1920 τούτῳ
1460 1863 1617 1907 ἐοῦσαν

251 1937 371 1989 ἔδοξέ
397 1953 478 1993 σφι
500 1935 636 1991 χρεὼν
664 1933 773 1979 εἶναι
794 1933 1038 1978 ἀπικέσθαι
1057 1937 1129 1978 καὶ
1150 1935 1466 1986 διαταχθέντας
1485 1947 1617 1988 στρα-

248 2005 586 2047 τοπεδεύεσθαι.
649 2002 936 2057 ἀναλαβόντες
968 2003 1014 2045 δὲ
1043 2001 1097 2046 τὰ
1130 1999 1247 2045 ὅπλα
1278 1999 1406 2058 ἤϊσαν
1438 1998 1511 2042 διὰ
1541 2003 1617 2056 τῆς

248 2071 449 2128 ὑπωρέης
473 2076 549 2115 τοῦ
576 2075 856 2127 Κιθαιρῶνος
887 2068 1009 2125 παρὰ
1029 2067 1167 2120 Ὑσιὰς
1199 2068 1242 2120 ἒς
1271 2067 1345 2125 τὴν
1369 2068 1616 2111 Πλαταιίδα

248 2145 335 2196 γῆν,
371 2138 629 2194 ἀπικόμενοι
655 2140 701 2182 δὲ
728 2139 962 2182 ἐτάσσοντο
988 2135 1076 2180 κατ’
1095 2137 1227 2180 ἔθνεα
1258 2138 1443 2191 πλησίον
1467 2140 1543 2191 τῆς
1568 2152 1614 2178 τε

249 2209 401 2287 κρήνης
425 2212 500 2264 τῆς
519 2212 772 2264 Γαργαφίης
797 2209 867 2248 καὶ
886 2210 963 2250 τοῦ
984 2209 1180 2259 τεμένεος
1199 2209 1273 2248 τοῦ
1290 2202 1616 2260 Ἅνδροκράτεος

248 2280 324 2318 τοῦ
351 2292 491 2331 νρωος
517 2274 590 2318 δια
616 2273 763 2328 ὄχθων
788 2291 835 2318 τε
861 2291 937 2317 ουκ
962 2272 1142 2330 ὑψηλῶν
1161 2275 1232 2316 καὶ
1253 2271 1419 2316 ἀπέδου
1439 2275 1614 2327 χωρίοι.

251 2342 442 2386 ἒιθαῦτα
474 2343 515 2386 ε”ν
545 2347 596 2400 τῆ
630 2343 801 2395 διατάξι
840 2342 1004 2398 ἐγένετο
1042 2341 1180 2397 λόγων
1211 2339 1375 2391 πολλὸς
1401 2337 1616 2421 ιῦθισεμὸς

254 2415 489 2467 Τεγεητέων
521 2427 566 2454 τε
598 2412 669 2454 καὶ
691 2409 944 2465 Αθηναίων.
1007 2409 1218 2453 ἐδικαίευν
1249 2407 1329 2464 γὰρ
1363 2406 1488 2451 αὐτοὶ
1517 2406 1615 2450 εκά-

247 2495 365 2533 τεροι
393 2479 499 2532 ἔχειν
525 2478 574 2522 τὸ
603 2479 746 2532 ἕτερον
770 2483 907 2534 κέρας,
936 2480 1007 2521 καὶ
1034 2476 1160 2520 καινὰ
1184 2478 1254 2520 καὶ
1281 2474 1450 2519 παλαιὰ
1471 2492 1615 2532 παρα-

249 2551 453 2603 φέροντες
473 2547 586 2603 ε’.ργα
625 2551 752 2589 τοῦτο
774 2548 850 2601 μὲν
867 2547 907 2590 οἱ
930 2550 1131 2602 Τεγεῆται
1152 2545 1294 2600 ελεγον
1313 2545 1437 2588 τάδε
1459 2540 1615 2600 (ςὴμεῖς

250 2616 337 2657 αἰει
361 2632 457 2658 κοτε
485 2613 728 2669 ἀςιεύμεθα
753 2632 913 2669 ταυτης
938 2619 1012 2671 τῆς
1036 2615 1185 2666 τάξιος
1211 2612 1254 2656 ἐκ
1273 2617 1358 2656 τιῦν
1378 2611 1613 2666 συμμάχων

250 2681 473 2734 ἁπάντων,
514 2680 615 2726 όσαι
646 2681 726 2740 η’δη
766 2683 908 2736 ἐξοδοι
944 2684 1084 2726 κοιναὶ
1120 2681 1310 2737 έγέιοντο
1341 2681 1613 2735 Πελοποννη-

248 2756 384 2793 σίοισι
410 2753 478 2793 καὶ
506 2751 554 2794 τὸ
582 2751 770 2795 παλαιὸν
796 2753 867 2794 καὶ
893 2750 942 2794 τὸ
969 2754 1073 2802 νέον,
1105 2749 1150 2802 ἐξ
1175 2748 1334 2792 ἐκείνου
1361 2752 1436 2791 τοῦ
1454 2747 1610 2803 χρόνου
