1747 3293
207 257 290 299 140
591 261 902 297 ΗΡΟΔΟΤΟΥ
931 260 978 294 Η.
1004 260 1079 294 102.
1107 260 1183 295 103.

204 332 474 389 ψευδόμενός
504 347 571 381 τις
600 327 778 383 ὕστερον
809 326 898 371 ὑπὸ
931 333 1005 372 σεῦ
1044 325 1278 380 ἁλώσεται,
1317 332 1366 384 τῇ
1394 325 1563 370 Ἑλλάδι

206 404 329 456 πενίη
360 399 436 453 μὲν
469 397 556 440 αἰεί
585 413 681 440 κοτε
713 396 956 453 σύντροφός
988 395 1097 448 ἐστι,
1138 393 1266 453 ἀρετὴ
1300 395 1346 437 δὲ
1376 394 1565 442 ἔπακτός

208 468 317 518 ἐστι,
356 463 446 508 ἀπό
478 480 524 506 τε
558 467 717 520 σοφίης
746 466 1060 519 κατεργασμένη
1092 464 1164 505 καὶ
1195 462 1328 516 νόμου
1368 461 1564 517 ἰσχυροῦ·

206 539 256 590 τῇ
289 534 565 588 διαχρεομένη
598 529 620 586 ἡ
649 528 795 581 Ἑλλὰς
825 530 901 586 τήν
930 546 977 573 τε
1009 533 1158 586 πενίην
1190 527 1463 583 ἀπαμύνεται
1493 530 1565 571 καὶ

207 601 279 656 τὴν
317 598 599 654 δεσποσύνην.
661 596 788 640 αἰνέω
825 600 902 651 μέν
938 615 1009 640 νυν
1045 597 1213 647 πάντας
1232 593 1435 652 Ἕλληνας
1464 594 1567 646 τοὺς

209 669 310 722 περὶ
336 666 520 716 ἐκείνους
544 664 645 716 τοὺς
664 663 886 720 Δωρικοὺς
906 665 1075 721 χώρους
1101 663 1360 719 οἰκημένους,
1389 663 1567 720 ἔρχομαι

211 736 256 777 δὲ
280 736 410 786 λέξων
437 731 484 776 οὗ
511 735 614 790 περὶ
638 733 812 776 πάντων
836 733 992 775 τούσδε
1021 730 1121 782 τοὺς
1146 732 1298 788 λόγους
1324 729 1432 773 ἀλλὰ
1464 731 1567 787 περὶ

210 802 563 855 Λακεδαιμονίων
593 801 772 855 μούνων,
811 804 967 855 πριῦτα
1002 799 1077 853 μὲν
1116 796 1184 842 ὅτι
1222 796 1296 841 οὐκ
1332 798 1424 841 ἔστι
1457 795 1569 848 ὅκως

210 870 307 912 κοτὲ
338 867 441 919 σοὺς
473 869 667 920 δέξονται
697 868 850 923 λόγους
876 867 1135 923 δουλοσύνην
1167 865 1378 923 φέροντας
1407 869 1458 922 τῇ
1479 862 1570 908 Ἑλ-

179 962 183 963 ν
212 937 329 987 λάδι,
370 930 492 986 αὖτις
525 935 570 978 δὲ
601 933 660 986 (ὗς
691 933 976 978 ἀντιώσονταί
1005 950 1075 977 τοι
1106 933 1148 985 ἐς
1178 934 1315 990 μάχην
1345 935 1417 975 καὶ
1447 930 1496 988 ἢν
1528 931 1570 975 οἳ

143 1286 191 1311 103

213 1000 541 1061 ἄλλοιἝλληνες
565 1003 724 1053 πάντες
748 1002 802 1045 τὰ
828 1001 884 1046 σὰ
904 1005 1135 1059 φρονέωσι.
1174 999 1367 1057 ἀριθμοῦ
1389 1000 1434 1042 δὲ
1453 1003 1567 1056 πέρι,

212 1070 269 1126 μὴ
309 1071 434 1127 πύθῃ
468 1067 566 1114 ὅσοι
596 1071 706 1121 τινὲς
738 1069 878 1120 ἐόντες
907 1073 1043 1112 ταῦτα
1073 1073 1239 1112 ποιέειν
1271 1067 1359 1110 οἶοί
1387 1071 1434 1109 τέ
1465 1066 1570 1110 εἰσι·

214 1136 262 1193 ἦν
286 1155 331 1180 τε
356 1137 435 1193 γὰρ
461 1138 624 1191 τύχωσι
651 1137 1025 1193 ἐξεστρατευμένοι
1041 1138 1186 1190 χίλιοι,
1217 1129 1338 1178 οὗτοι
1362 1138 1572 1190 μαχέσον-

214 1209 288 1248 ταί
316 1222 402 1256 τοι,
442 1203 490 1260 ἢν
521 1222 567 1248 τε
600 1205 828 1255 ἐλάσσονες
863 1205 1038 1256 τούτων,
1077 1201 1126 1259 ἤν
1162 1220 1208 1246 τε
1243 1205 1314 1245 καὶ
1351 1199 1568 1253 πλεῦνες.”

213 1277 350 1315 ταῦτα
393 1270 581 1322 ἀκούσας
616 1272 776 1328 Ξέρξης
810 1272 996 1326 γελάσας
1038 1271 1119 1328 ἔφη
1153 1269 1432 1326 ς’Δημάρητε,
1480 1269 1572 1312 οἷον

217 1339 437 1395 ἐφθέγξαο
464 1339 586 1389 ἔπος,
623 1336 781 1394 ἄνδρας
804 1339 968 1390 χιλίους
993 1341 1172 1393 στρατιῇ
1197 1338 1353 1393 τοσῇδε
1383 1336 1574 1391 μαχέσα-

216 1410 341 1449 σθαι.
403 1403 478 1461 ἄγε
503 1405 601 1448 εἰπέ
624 1417 720 1459 μοι·
754 1404 804 1448 σὺ
833 1404 918 1462 φῂς
947 1405 1111 1448 τούτων
1135 1408 1219 1447 τῶν
1251 1402 1417 1461 ἀνδρῶν
1443 1403 1573 1456 αὐτὸς

216 1471 419 1527 βασιλεὺς
449 1476 673 1528 γενέσθαι·
713 1471 763 1515 σὺ
797 1467 855 1515 ὦν
886 1472 1111 1529 ἐθελήσεις
1143 1470 1294 1514 αὐτίκα
1318 1472 1435 1526 μάλα
1460 1471 1573 1529 πρὸς

218 1532 376 1596 ἀνδρας
403 1539 503 1583 δέκα
527 1540 773 1594 μάχεσθαις
804 1544 946 1583 καίτοι
971 1540 1010 1583 εἰ
1033 1539 1083 1583 τὸ
1110 1538 1332 1583 πολιτικὸν
1361 1537 1460 1594 ὑμῖν
1485 1544 1574 1583 πᾶν

218 1608 307 1652 ἐστὶ
332 1611 504 1650 τοιοῦτο
532 1606 622 1651 οἷον
649 1606 700 1651 σὺ
728 1608 941 1665 διαιρέεις,
971 1611 1019 1650 σέ
1042 1624 1088 1663 γε
1113 1606 1186 1650 τὸν
1206 1606 1372 1650 ἐκείνων
1390 1609 1574 1662 βασιλέα

217 1679 378 1732 πρέπει
409 1674 520 1731 πρὸς
550 1674 598 1718 τὸ
632 1675 862 1731 διπλήσιον
893 1673 1237 1718 ἀντιτάσσεσθαι
1272 1674 1381 1718 κατὰ
1416 1676 1575 1730 νόμους

216 1743 316 1793 τοὺς
343 1741 583 1797 ὑμετέρους.
623 1742 660 1785 εἰ
684 1741 764 1799 γὰρ
791 1742 959 1786 ἐκείνων
986 1743 1164 1794 ἕκαστος
1190 1742 1290 1786 δέκα
1316 1740 1481 1800 ἀνδρῶν
1499 1747 1575 1799 τῆς

219 1814 420 1865 στρατιῆς
446 1814 518 1865 τῆς
544 1809 646 1866 ἐμῆς
672 1808 871 1862 ἀντάξιος
897 1810 1000 1862 ἐστι,
1029 1811 1077 1854 σὲ
1103 1810 1150 1854 δέ
1172 1827 1218 1866 γε
1245 1811 1419 1866 δίζημαι
1438 1811 1576 1854 εἴκοσι

219 1876 327 1920 εἶναι
354 1875 564 1929 ἀντάξιον.
613 1879 684 1919 καὶ
711 1875 823 1920 οἷ”τω
849 1879 925 1932 μὲν
951 1876 1120 1934 ὀρθοῖτ’
1138 1877 1188 1921 ἂν
1214 1876 1236 1921 ὅ
1263 1878 1389 1934 λόγος
1410 1876 1432 1921 ὃ
1453 1876 1576 1935 παρὰ

219 1949 292 1988 σεῦ
318 1944 555 2001 εἰρημένος·
588 1944 626 1987 εἰ
652 1945 698 1987 δὲ
722 1950 916 1989 τοιοῦτοί
938 1962 984 1988 τε
1010 1945 1149 1996 ἐόντες
1179 1948 1250 1988 καὶ
1279 1946 1479 2002 μεγάθεα
1503 1962 1577 1988 το-

221 2016 381 2063 σοῦτοι,
412 2009 509 2054 ὅσοι
535 2012 585 2054 σύ
611 2029 657 2055 τε
681 2014 752 2054 καὶ
779 2016 822 2056 οἳ
846 2012 947 2069 παρ’
966 2012 1039 2067 ἐμὲ
1064 2016 1293 2069 φοιτέουσι
1307 2011 1512 2070 Ἑλλήνιον
1534 2012 1576 2063 ἐς

219 2080 389 2134 λόγους,
417 2076 594 2132 αὐχέετε
618 2084 818 2131 τοσοῦτο,
853 2078 934 2135 ὅρα
958 2080 1014 2136 μὴ
1041 2081 1177 2137 μάτην
1203 2082 1371 2134 κόμπος
1402 2079 1424 2124 ὃ
1451 2081 1577 2136 λόγος

223 2140 347 2196 οὗτος
378 2146 597 2204 εἰρημένος
629 2148 707 2204 εἴη.
769 2147 865 2190 ἐπεὶ
897 2151 1000 2203 φέρε
1035 2149 1115 2190 ἰ’δω
1153 2150 1283 2191 παντὶ
1318 2152 1379 2204 τῷ
1419 2148 1577 2191 οἰκότι·

218 2218 304 2264 κιῦς
323 2212 374 2257 ἂν
397 2215 600 2257 δυναίατο
617 2217 751 2268 χίλιοι
773 2213 797 2271 ἢ
816 2217 887 2257 καὶ
906 2213 1053 2271 μύριοι
1074 2213 1099 2270 ἢ
1118 2217 1187 2258 καὶ
1203 2216 1574 2272 πεντακισμύριοι,

221 2281 361 2332 ἐόντες
385 2298 431 2337 γε
457 2281 682 2339 ἐλεύθεροι
708 2283 866 2333 πάντες
892 2281 1055 2336 ὁμοίως
1079 2282 1225 2339 καὶμὴ
1247 2280 1318 2326 ὑπ’
1336 2282 1429 2334 ἑνὸς
1449 2281 1578 2339 ἀρχό-

219 2365 351 2402 μενοι,
381 2354 550 2406 στρατῷ
575 2351 741 2406 τοσῷδε
767 2348 1037 2407 ἀντιστῆναι;
1063 2350 1160 2393 ἐπεί
1183 2367 1253 2393 τοι
1277 2352 1456 2402 πλεῦνες
1475 2353 1577 2407 περὶ

220 2415 292 2458 ἕνα
330 2415 507 2460 ἕκαστον
542 2417 757 2473 γινόμεθα
794 2415 820 2474 ἢ
853 2419 1003 2471 χίλιοι,
1049 2417 1204 2461 ἐόντων
1241 2417 1409 2461 ἐκείνων
1450 2422 1578 2462 πέντε

216 2484 437 2536 χιλιάδων.
492 2482 579 2527 ὑπὸ
605 2485 681 2539 μὲν
705 2485 785 2541 γὰρ
812 2484 904 2536 ἑνὸς
930 2483 1159 2541 ἀρχόμενοι
1183 2485 1292 2528 κατὰ
1315 2486 1479 2544 τρόπον
1503 2485 1578 2530 τὸν

220 2549 423 2608 ἡμέτερον
447 2551 627 2608 γενοίατ’
645 2550 708 2605 ἄν,
744 2554 1033 2607 δειμαίνοντες
1057 2557 1221 2605 τοῦτον,
1254 2555 1326 2597 καὶ
1355 2553 1478 2611 παρὰ
1502 2553 1577 2610 τὴν

221 2617 391 2662 ἑωυτῶν
417 2620 546 2676 φύσιν
573 2619 802 2675 ἀμείνονες,
830 2622 901 2663 καὶ
921 2621 1026 2664 ἰὀιεν
1046 2619 1380 2676 ἀναγκαζόμενοι
1397 2622 1577 2678 μάστιγι

222 2685 263 2737 ἐς
295 2688 479 2738 πλεῦνας
510 2686 738 2740 ἐλάσσονες
774 2687 934 2740 ἐόντες·
973 2687 1186 2743 ἀνειμένοι
1217 2690 1263 2732 δὲ
1295 2688 1337 2740 ἐς
1372 2688 1421 2732 τὸ
1460 2688 1574 2732 ἐλεύ-

222 2758 354 2809 θερον
381 2753 454 2797 οὖκ
480 2753 530 2798 ἂν
556 2755 748 2800 ποιέοιεν
773 2757 937 2801 τούτων
965 2755 1181 2813 οὗδέτερα.
1220 2758 1354 2800 δοκέω
1381 2757 1426 2800 δὲ
1446 2756 1576 2813 ἔγωγε
