1747 3293
457 241 770 286 HPOAOTOT
798 240 844 275 H.
869 240 1058 276 155-157.
1359 231 1437 272 16].

86 315 212 355 τοῦτο
236 308 286 353 τὸ
313 306 475 366 εὕρημα
506 308 605 361 τοὺς
635 310 852 365 γαμόρους
882 311 1162 363 καλεομένους
1191 312 1277 351 τιῦν
1301 316 1439 365 Συρη-

83 382 240 421 κοσίων
266 376 525 427 ἐκπεσόντας
550 374 638 419 ὑπό
669 393 715 420 τε
740 381 815 419 τοῦ
842 377 978 433 δήμου
1009 377 1081 418 καὶ
1104 379 1189 418 τιῦν
1221 379 1438 433 σφετέρων

83 445 263 496 δούλων,
296 443 562 498 καλεομένων
596 444 642 486 δὲ
671 446 932 500 Κυλλυρίων,
967 441 989 487 ὃ
1016 445 1158 486 Γέλων
1189 440 1439 498 καταγαγών

85 511 262 561 τούτους
288 510 332 554 ἐκ
356 515 580 568 Κασμένης
604 511 762 562 πόλιος
788 510 830 562 ἐς
854 511 931 562 τὰς
950 511 1226 568 Συρηκούσας
1251 510 1345 563 ἔσχε
1369 511 1442 553 καὶ

84 579 263 629 ταύτας·
301 576 322 621 ὃ
348 577 429 634 γὰρ
457 579 590 634 δῆμος
623 576 644 621 ὁ
670 582 755 620 τῶν
779 583 1053 635 Συρηκοσίων
1086 577 1254 622 ἐπιόντι
1279 579 1441 621 Γέλωνι

84 645 325 702 παραδιδοῖ
348 645 420 701 τὴν
445 646 574 688 πόλιν
599 647 670 688 καὶ
696 644 870 688 ἑωυτόν.
932 643 954 688 ὃ
983 646 1028 688 δὲ
1054 645 1196 688 ἐπείτε
1221 647 1441 701 παρέλαβε

83 712 162 763 τὰς
192 713 486 769 Συρηκούσας,
525 714 658 768 Γέλης
692 713 769 765 μὲν
806 711 1071 768 ἐπικρατέειν
1107 713 1233 768 λόγον
1271 712 1439 756 ἐλάσσω

85 779 299 830 ἐποιέετο,
339 778 580 834 ἐπιτρέψας
612 776 742 834 αὐτὴν
769 776 925 833 Ἱέρωνι
957 777 1154 836 ἀδελφεῷ
1193 779 1377 822 ἑωυτοῦ·
1416 778 1438 822 ὅ

85 847 131 889 δὲ
155 844 233 896 τὰς
250 846 526 902 Συρηκούσας
552 844 761 900 ἐκράτυνε,
789 847 861 887 καὶ
880 840 987 902 ἦσάν
1007 845 1050 888 οἱ
1073 846 1218 888 πάντα
1239 846 1285 887 αἱ
1303 846 1442 901 Συρη-

83 929 249 956 κουσαι.
299 913 344 954 αἱ
369 914 415 955 δὲ
439 916 685 968 παραυτίκα
711 910 791 955 ἀνά
816 910 849 954 τ’
867 912 1051 970 ἔδραμον
1076 914 1147 955 καὶ
1167 910 1439 967 ἀνέβλαστον.

85 984 213 1023 τοῦτο
238 980 314 1033 μὲν
338 978 418 1036 γὰρ
438 982 762 1034 Καμαριναίους
787 976 984 1030 ἅπαντας
1010 979 1052 1030 ἐς
1070 979 1148 1031 τὰς
1167 979 1441 1035 Συρηκούσας

85 1045 255 1103 ἀγαγών
279 1046 494 1102 πολιήτας
520 1045 716 1102 ἐποίησε,
749 1050 1000 1103 Καμαρίνης
1032 1047 1078 1089 δὲ
1102 1046 1151 1090 τὸ
1186 1044 1292 1089 ἄστυ
1320 1050 1442 1088 κατέ-

83 1122 244 1169 σκαψε,
277 1117 404 1156 τοῦτο
431 1114 477 1156 δὲ
500 1114 681 1169 Γελῴων
706 1112 999 1171 ὑπερημίσεας
1024 1117 1108 1157 τῶν
1134 1111 1276 1156 ἀστῶν
1300 1111 1440 1156 τώυτὸ

83 1189 199 1224 τοῖσι
213 1185 551 1237 Καμαριναίοισι
566 1181 756 1238 ἐποίησε.
784 1185 1005 1237 Μεγαρέας
1024 1198 1069 1224 τε
1088 1180 1186 1231 τοὺς
1202 1180 1243 1224 ἐν
1257 1183 1439 1237 Σικελίῃ,

85 1247 144 1300 ιῦς
167 1248 521 1304 πολιορκεόμενοι
547 1247 589 1299 ἐς
615 1247 844 1304 ὁμολογίην
869 1249 1218 1305 προσεχώρησαν,
1246 1247 1348 1299 τοὺς
1366 1248 1441 1302 μὲν

86 1314 225 1358 αὐτῶν
250 1319 433 1369 παχέας,
467 1313 744 1372 ἀειραμένους
768 1332 814 1358 τε
839 1315 1030 1369 πόλεμον
1062 1313 1178 1371 αὐτῷ
1204 1317 1275 1358 καὶ
1304 1331 1443 1371 προσ-

86 1384 311 1433 δοκέοντας
343 1380 618 1426 ἀπολέεσθαι
650 1381 722 1425 διὰ
751 1386 897 1434 τοῦτο,
932 1380 1101 1438 ἀγαγών
1133 1381 1175 1433 ἐς
1205 1381 1281 1434 τὰς
1305 1390 1443 1440 Συρη-

84 1450 243 1500 κούσας
273 1450 484 1506 πολιήτας
517 1449 715 1503 ἐποίησε·
751 1448 824 1492 τὸν
857 1450 902 1492 δὲ
935 1450 1067 1505 δῆμον
1097 1454 1182 1492 τιῦν
1213 1453 1442 1506 Μεγαρέων

86 1515 161 1560 οὐκ
187 1515 311 1560 ἐόντα
335 1521 554 1570 μεταίτιον
578 1521 653 1558 τοῦ
679 1518 871 1570 πολέμου
898 1517 1052 1559 τούτου
1081 1515 1179 1560 οῦδὲ
1203 1516 1443 1574 προσδεκό-

83 1600 209 1636 μενον
234 1582 361 1627 κακὸν
388 1581 508 1626 οὗδὲν
534 1588 786 1635 πείσεσθαι,
816 1581 985 1639 ἀγαγὼν
1010 1585 1082 1626 καὶ
1105 1584 1285 1635 τούτους
1306 1583 1347 1634 ἐς
1366 1582 1442 1634 τὰς

84 1651 362 1707 Συρηκούσας
388 1649 578 1693 ἀπέδοτο
606 1649 671 1693 ἐπ’
690 1649 880 1707 ἐξαγωγῇ
907 1650 950 1693 ἐκ
974 1654 1180 1707 Σικελίης.
1229 1648 1369 1693 τώυτὸ
1397 1651 1443 1693 δὲ

83 1722 212 1761 τοῦτο
250 1719 320 1760 καὶ
353 1716 548 1772 Εὐβοέας
584 1716 685 1768 τοὺς
723 1717 764 1761 ἐν
795 1720 965 1774 Σικελίῃ
1000 1717 1178 1774 ἐποίησε
1210 1718 1440 1775 διακρίνας.

86 1785 229 1828 ἐποίεε
256 1786 301 1827 δὲ
326 1789 460 1828 ταῦτα
484 1784 663 1835 τούτους
689 1783 962 1842 ἀμφοτέρους
981 1789 1160 1838 νομίσας
1182 1785 1314 1840 δῆμον
1334 1783 1444 1828 εἶναι

86 1856 321 1908 συνοίκημα
346 1849 678 1908 ἀχαριτώτατον.

173 1918 364 1974 Τοιούτῳ
390 1918 466 1972 μὲν
484 1919 635 1975 τρόπῳ
656 1918 861 1973 τύραννος
882 1917 1067 1974 ἐγεγόνεε
1086 1922 1218 1973 μέγας
1238 1916 1260 1961 ὃ
1280 1921 1441 1961 Γέλων·

85 1987 183 2030 τότε
209 1984 249 2028 δ’
267 1983 326 2036 ὥς
351 1985 393 2028 οἱ
418 1984 590 2041 ἄγγελοι
614 1990 699 2028 τιῦν
715 1983 919 2041 Ἑλλήνων
941 1984 1128 2029 ἀπίκατο
1150 1985 1191 2037 ἐς
1210 1985 1288 2036 τὰς
1307 1994 1444 2043 Συρη-

85 2053 256 2105 κούσας,
285 2052 489 2103 ἐλθόντες
515 2051 631 2109 αύτῷ
658 2052 699 2104 ἐς
718 2053 872 2108 λόγους
892 2052 1033 2107 ἔλεγον
1052 2052 1168 2096 τάδε.
1202 2051 1443 2109 ((ἕπεμψαν

86 2119 218 2177 ἡμέας
247 2120 588 2174 Λακεδαιμόνιοι
618 2123 689 2162 καὶ
715 2117 938 2177 Ἀθηναῖοι
967 2121 1040 2162 καὶ
1071 2119 1112 2162 οἱ
1144 2120 1306 2164 τούτων
1338 2121 1445 2174 σύμ-

84 2204 217 2242 μαχοι
240 2189 670 2243 παραλαμψομένους
696 2203 743 2230 σε
768 2187 880 2244 πρὸς
905 2187 977 2230 τὸν
1000 2187 1241 2245 βάρβαρον·
1266 2186 1339 2232 τὸν
1363 2187 1443 2244 γὰρ

88 2254 268 2298 ἐπιόντα
305 2253 379 2298 ἐπὶ
414 2253 489 2311 τὴν
520 2252 701 2297 Ἑλλάδα
737 2254 910 2305 πάντως
952 2271 1025 2297 κου
1070 2255 1333 2308 πυνθάνεαι,
1379 2253 1445 2298 ὅτι

88 2325 255 2378 Πέρσης
281 2318 384 2377 ἀνὴρ
409 2323 568 2376 μέλλει,
597 2322 744 2374 ζεύξας
764 2320 837 2365 τὸν
853 2319 1162 2378 Ἑλλήσποντον
1182 2324 1252 2365 καὶ
1274 2322 1444 2377 ἐπάγων

89 2389 233 2430 πάντα
262 2386 336 2431 τὸν
366 2386 480 2444 ἠῷον
512 2387 693 2442 στρατὸν
726 2388 770 2431 ἐκ
799 2393 874 2445 τῆς
893 2387 1049 2445 Ἀσίης,
1085 2390 1445 2445 στρατηλατήσειν

88 2455 163 2497 ἐπὶ
182 2453 256 2510 τὴν
271 2452 464 2506 Ἐλλάδα,
493 2455 725 2511 πρόσχημα
743 2456 819 2510 μὲν
839 2456 1094 2510 ποιεύμενος
1113 2454 1172 2506 ὥς
1192 2453 1445 2511 ἐπ’ᾌθήνας

90 2521 274 2572 ἐλαύνει,
315 2520 356 2563 ἐν
388 2521 474 2576 νόῳ
509 2522 554 2563 δὲ
585 2521 689 2574 ἔχων
719 2526 865 2565 πᾶσαν
894 2521 968 2578 τὴν
994 2520 1173 2565 Ἑλλάδα
1206 2519 1276 2564 ὑπ’
1300 2521 1445 2578 ἑωυτῷ

89 2588 384 2644 ποιήσασθαι.
424 2587 473 2631 σὺ
496 2588 541 2630 δὲ
562 2588 767 2642 δυνάμιός
786 2605 831 2631 τε
852 2586 966 2645 ἥκεις
984 2589 1191 2644 μεγάλως,
1219 2591 1290 2632 καὶ
1312 2591 1445 2646 μοῖρά

89 2671 158 2698 τοι
182 2660 257 2711 τῆς
276 2652 478 2706 Ἑλλάδος
505 2653 579 2697 οὐκ
605 2654 801 2711 ἐλαχίστη
833 2659 940 2709 μέτα
966 2654 1139 2713 ἄρχοντί
1166 2673 1213 2712 γε
1238 2659 1442 2713 Σικελίης,

91 2722 239 2779 βιύθεέ
255 2739 301 2764 τε
320 2731 435 2765 τοῖσι
452 2722 728 2779 ἐλευθεροῦσι
748 2721 1011 2778 τὴνἙλλάδα
1030 2726 1099 2766 καὶ
1121 2725 1443 2780 συνελευθέρου.

159 2789 288 2815 Herodoti
305 2789 352 2815 τοί.
367 2788 406 2814 ΙΙ.
1154 2791 1195 2824 11

1466 657 1514 682 156

1469 1932 1515 1956 157
