1747 3293
430 255 741 290 ΗΡΟΔΟΤΟΥ
771 254 809 288 Ζ,
835 254 979 288 36-39.
1330 242 1385 283 63

30 324 173 367 πάντα
202 321 276 366 τὸν
305 323 567 378 βουλόμενον
598 323 787 377 μετέχειν
818 327 893 366 τοῦ
927 322 1082 365 στόλου
1116 320 1257 364 ἕπλωε
1295 317 1385 374 ἅμα

30 399 145 434 τοῖσι
169 390 430 446 Δολόγκοισι
455 393 526 433 καὶ
553 390 647 444 ἔσχε
672 390 746 447 τὴν
768 390 929 447 χώρην·
962 393 1034 432 καί
1056 406 1129 443 μιν
1155 388 1198 431 οἱ
1222 387 1387 444 ἐπαγα-

29 459 203 515 γόμενοι
227 459 431 513 τύραννον
457 459 785 515 κατεστήσαντο.
847 455 868 501 5
896 457 942 500 δὲ
967 461 1141 514 πρῶτον
1170 456 1245 510 μὲν
1277 453 1387 498 ἄπε-

29 530 189 579 τείχισε
213 524 286 569 τὸν
313 525 476 580 ἰσθμὸν
500 530 575 582 τῆς
594 525 868 583 Χερσονήσου
897 524 940 567 ἐκ
958 525 1148 580 Καρδίης
1167 524 1324 573 πόλιος
1345 522 1387 573 ἐς

30 593 242 649 Πακτύην,
281 593 352 636 ἵνα
387 593 444 650 μη
483 593 617 646 ἔχοιεν
649 596 786 650 σφέας
818 592 859 636 οἱ
891 590 1115 647 Ἀψίνθιοι
1152 591 1389 647 δηλέεσθαι

33 661 311 716 ἐσβάλλοντες
332 660 374 711 ἐς
394 659 467 717 τὴν
485 661 638 716 χώρην.
677 660 761 702 εἰσὶ
782 660 826 701 δὲ
853 653 972 702 οὗτοι
998 659 1169 701 στάδιοι
1191 657 1236 710 ἕξ
1253 674 1298 700 τε
1319 659 1388 699 καὶ

31 730 257 786 τριήκοντα
281 732 355 770 τοῦ
385 728 569 781 ἰσθμοῦ·
597 725 686 769 ἀπὸ
709 727 753 768 δὲ
771 730 846 768 τοῦ
870 726 1034 780 ἰσθμοῦ
1060 726 1213 767 τούτου
1235 723 1258 780 ἡ
1279 731 1390 780 Χερ-

35 797 217 852 σόνησος
243 795 325 838 ἔσω
352 794 475 837 πᾶσά
502 794 593 837 ἐστι
625 794 811 836 σταδίων
842 793 978 835 ε’ίκοσι
1003 794 1073 834 καὶ
1104 796 1388 846 τετρακοσίων

31 863 82 906 τὸ
112 867 258 919 μῆκος.
321 859 603 914 ἀποτειχίσας
636 853 693 903 ῶν
724 859 796 902 τὸν
829 858 983 912 αὐχένα
1013 863 1088 915 τῆς
1111 859 1385 915 Χερσονήσου

33 928 56 974 5
87 929 328 985 Μιλτιάδης
357 930 429 971 καὶ
459 927 560 979 τοὺς
581 926 838 983 Ἀψινθίους
868 927 1020 982 τρόπῳ
1052 927 1238 982 τοιούτῳ
1273 923 1390 968 ῶσά-

32 1013 175 1052 μενος,
208 1000 292 1039 τῶν
318 997 485 1038 λοιπῶν
510 996 729 1051 πρώτοισι
761 994 1003 1050 ἐπολέμησε
1027 1001 1389 1050 Λαμψακηνοῖσι·

32 1068 105 1107 καί
127 1081 200 1118 μιν
227 1063 268 1106 οἱ
292 1065 586 1120 Λαιιψακηνοὶ
613 1064 869 1119 λοχήσαντες
895 1061 1091 1116 αιρέουσι
1118 1061 1286 1118 ζωγρίη.
1342 1055 1390 1116 ἧν

35 1133 140 1175 δὲο
175 1132 417 1188 Μιλτιάδης
451 1136 625 1186 Κροίσῳ
662 1135 723 1186 τῶ
760 1131 891 1186 Λυδι)
931 1127 972 1171 ἐν
1007 1129 1151 1185 γνώμη
1188 1128 1391 1184 γεγονώς·

33 1199 286 1253 πυθόμενος
324 1200 382 1241 ῶν
420 1197 441 1241 5
479 1206 666 1254 Κροῖσος
701 1202 856 1249 ταῦτα,
903 1200 1088 1251 πέιιπων
1125 1196 1364 1252 προηγόρει
1363 1212 1391 1238 ε

33 1276 150 1311 τοῖσι
168 1274 416 1322 Λαιιψακηι
422 1282 510 1309 οισι
534 1270 726 1320 μετιέναι
746 1265 1005 1320 Μιλτιάδην·
1033 1264 1071 1307 εἰ
1093 1265 1135 1306 δὲ
1155 1264 1226 1319 μή,
1256 1267 1393 1320 σφέας

35 1339 192 1385 πίτυος
215 1335 379 1391 τρόπον
409 1331 583 1390 ἠπείλεε
616 1333 846 1388 ἐκτρίψειν.
908 1334 1206 1385 πλανεομένων
1239 1331 1283 1373 δὲ
1308 1335 1392 1373 τῶν

34 1406 342 1459 Λαμψακηνῶν
363 1401 404 1444 ἐν
423 1410 539 1444 τοῖσι
565 1403 734 1457 λόγοισι
758 1404 802 1444 τί
827 1400 971 1443 ἐθέλει
995 1398 1044 1442 τὸ
1067 1399 1171 1448 ἔπος
1191 1396 1325 1441 εἶπαι
1344 1398 1392 1440 τό

37 1486 117 1527 σφι
142 1467 348 1526 ἠπείλησε
376 1467 397 1512 5
420 1476 619 1526 Κροῖσος,
648 1472 804 1519 πίτυος
828 1468 992 1525 τρόπον
1013 1466 1242 1522 ἐκτρίψειν,
1268 1465 1395 1521 μόγις

36 1538 132 1580 κοτὲ
156 1536 315 1591 μαθιὺν
339 1541 424 1579 τιῦν
448 1554 514 1588 τις
538 1540 841 1592 πρεσβυτέρων
867 1532 962 1577 εἶπε
987 1533 1035 1577 τὸ
1064 1533 1144 1584 ἐόν,
1174 1530 1241 1576 ὅτι
1267 1537 1395 1584 πίτυς

37 1605 170 1661 μούνη
199 1605 404 1659 δενδρέων
429 1605 603 1647 πάντων
631 1603 861 1646 ἐκκοπεῖσα
879 1600 1067 1656 βλαστὸν
1086 1599 1238 1644 οὗδένα
1257 1605 1395 1654 μετίει

39 1671 148 1715 ἀλλὰ
179 1672 468 1728 πανώλεθρος
500 1671 802 1723 ἐξαπόλλυται.
865 1671 1080 1719 δείσαντες
1113 1662 1168 1711 ῶν
1201 1668 1241 1711 οἱ
1272 1675 1396 1722 Λαμ-

0 1757 2 1760 ’
39 1741 227 1796 ψακηνοὶ
245 1745 444 1796 Κροῖσον,
466 1739 669 1789 λύσαντες
687 1743 871 1794 μετῆκαν
884 1737 1136 1792 Μιλτιάδην.
1176 1730 1302 1786 οὗτος
1320 1736 1396 1789 μὲν

41 1807 91 1864 δὴ
124 1807 196 1850 διὰ
227 1813 414 1862 Κροῖσον
446 1805 661 1863 ἐκφεύγει,
700 1805 809 1859 μετὰ
842 1805 885 1847 δὲ
918 1807 1093 1860 τελευτᾷ
1131 1802 1285 1854 ἅπαις,
1323 1801 1397 1858 τὴν

41 1873 170 1931 ἀρχήν
184 1891 228 1917 τε
242 1875 313 1917 καὶ
332 1873 386 1916 τὰ
396 1874 594 1930 χρήματα
613 1872 838 1929 παραδοὺς
855 1872 1103 1928 Στησαγόρῃ
1125 1875 1185 1927 τῷ
1198 1873 1398 1924 Κίμωνος

42 1941 256 1999 ἀδελφεοῦ
282 1942 411 1984 παιδὶ
437 1939 718 1998 ὁμομητρίου.
757 1944 829 1982 καί
855 1939 896 1982 οἱ
915 1939 1215 1994 τελευτήσαντι
1233 1944 1399 1993 Χερσο-

40 2019 212 2067 νησῖται
237 2010 399 2053 θύουσι
427 2008 485 2060 ῶς
512 2010 641 2063 νόμος
667 2008 851 2065 οἰκιστῇ,
880 2009 949 2049 καὶ
977 2005 1121 2062 ἀγῶνα
1148 2006 1329 2048 ἱππικόν
1354 2021 1399 2046 τε

0 2084 1 2090 ’
42 2080 113 2121 καὶ
137 2076 337 2134 γυμνικὸν
364 2076 393 2120 ἐ
393 2082 587 2128 τιστῐισι,
623 2076 664 2119 ἐν
694 2080 754 2132 τῷ
781 2079 1089 2131 Λαμψακηνῶν
1123 2071 1262 2116 οὐδενὶ
1290 2072 1400 2128 ἐγγί-

45 2162 160 2189 νεται
187 2143 490 2201 ἀγωνίζεσθαι.
552 2146 744 2198 πολέμου
773 2144 817 2186 δὲ
844 2143 987 2193 ἐόντος
1018 2141 1129 2198 πρὸς
1153 2148 1400 2196 Λαμψακη-

43 2212 142 2264 νοῦς
167 2215 236 2256 καὶ
261 2212 537 2269 Στησαγόρην
562 2214 768 2266 κατέλαβε
796 2210 1040 2254 ἀποθανεῖν
1067 2207 1256 2260 ἄπαιδα,
1291 2210 1401 2263 πλη-

44 2285 168 2338 γέντα
191 2279 265 2337 τὴν
289 2279 476 2337 κεφαλὴν
502 2281 672 2323 πελέκεϊ
698 2279 738 2322 ἐν
763 2284 823 2335 τῷ
846 2282 1095 2334 πρυτανηίῳ
1117 2275 1228 2333 πρὸς
1249 2274 1402 2330 ἀνδρὸς

47 2347 289 2402 αὐτομόλου
315 2348 391 2401 μὲν
416 2351 476 2403 τῷ
503 2348 616 2404 λόγῳ
643 2349 854 2401 πολεμίου
883 2347 927 2389 δὲ
952 2348 1021 2388 καὶ
1045 2343 1401 2400 ὑποθερμοτέρου

46 2420 107 2471 τῷ
135 2415 256 2472 ἔργῳ.
304 2415 634 2471 τελευτήσαντος
660 2415 705 2457 δὲ
730 2416 799 2456 καὶ
826 2414 1109 2470 Στησαγόρεω
1136 2412 1286 2467 τρόπῳ
1312 2427 1403 2453 τοι-

50 2483 151 2539 ῷδε,
191 2481 383 2524 ἐνθαῦτα
413 2483 653 2538 Μιλτιάδην
683 2481 757 2524 τὸν
788 2485 1003 2534 Κίμωνος,
1041 2479 1325 2555 Στησαγόρεω
1359 2477 1403 2518 δὲ

48 2554 124 2593 τοῦ
156 2546 484 2604 τελευτήσαντος
515 2547 745 2605 ἀδελφεόν,
784 2546 1174 2601 καταλαιιψόμειον
1209 2543 1263 2587 τὰ
1294 2544 1406 2601 πρή-

1413 871 1445 896 37

1421 1747 1453 1772 38

1427 2422 1460 2447 39

49 2634 192 2675 γματα
223 2616 296 2659 επὶ
327 2616 601 2671 Χερσονήσου
635 2613 953 2658 ἀποστέλλουσι
990 2613 1155 2669 τριήρει
1186 2611 1227 2654 οἱ
1257 2619 1406 2654 Πεισι-
1432 2600 1442 2610 “

53 2685 297 2741 στρατίδαι,
327 2683 372 2726 οἵ
392 2701 465 2737 μιν
489 2686 559 2725 καὶ
587 2682 628 2725 ἐν
649 2680 852 2738 Αθήιῃσι
879 2680 1051 2724 ἔποίειν
1077 2681 1121 2722 εὐ
1150 2678 1208 2730 ῶς
1234 2677 1282 2721 οὗ
1310 2695 1407 2722 συν-

53 2753 216 2803 ειδότες
242 2752 375 2808 δηθεν
398 2755 475 2794 τοῦ
503 2748 668 2806 πατρὸς
691 2747 927 2806 [Κίιιωνος]
948 2746 1078 2790 αἰτοῦ
1109 2746 1179 2790 τὸν
1199 2747 1405 2797 θάνατον,
