1747 3293
119 349 167 373 141

129 1898 177 1924 142

193 258 275 299 154
572 261 890 297 HPOAOTOY
919 261 966 295 H.
994 261 1070 294 141.
1097 260 1173 295 142.

192 339 326 378 ταῦτα
354 331 611 381 ἀκούσαντες
639 330 680 373 οἱ
704 333 789 372 τιῦν
805 327 1043 385 Ἀθηναίων
1069 330 1327 386 θεοπρόποι
1354 336 1556 389 συμφορῇ

191 407 242 458 τῇ
266 404 443 456 μεγίστῃ
471 398 676 454 ἐχρέοντο.
725 396 1026 453 προβάλλουσι
1052 396 1098 439 δὲ
1124 400 1261 454 σφέας
1287 395 1444 450 αὐτοὺς
1469 396 1555 442 ὕπὸ

193 472 269 511 τοῦ
303 470 430 508 κακοῦ
463 469 539 508 τοῦ
571 467 853 520 κεχρησμένου
892 468 1032 518 Τίμων
1063 462 1085 506 ὃ
1108 461 1433 520 Ἀνδροβούλου,
1472 471 1557 509 τῶν

194 536 376 590 Δελφιῦν
408 531 511 589 ἀνὴρ
551 532 728 586 δόκιμος
766 529 898 585 ὁμοῖα
934 535 995 587 τῷ
1032 533 1239 585 μάλιστα,
1281 534 1560 587 συνεβούλευέ

196 618 277 658 σφι
309 601 521 656 ἱκετηρίας
553 601 737 653 λαβοῦσι
769 599 946 655 δεύτερα
978 593 1098 649 αὖτις
1125 599 1335 650 ἐλθόντας
1361 605 1559 657 χρᾶσθαι

194 674 255 725 τῷ
278 671 521 724 χρηστηρίῳ
555 665 614 718 ὠς
648 666 801 718 ἱκέτας.
862 669 1171 720 πειθομένοισι
1205 668 1250 709 δὲ
1281 672 1417 711 ταῦτα
1442 677 1560 711 τοῖσι

190 735 461 793 Ηθηναίοισι
490 736 562 777 καὶ
594 736 767 790 λέγουσι
793 727 957 786 “dvcta
990 738 1146 790 χρῆσον
1180 732 1278 790 ἧμῖν
1311 734 1485 789 ἄμεινόν
1517 754 1560 779 τι

197 805 299 860 περὶ
323 807 398 859 τῆς
417 803 640 859 πατρίδος,
670 802 894 852 αἰδεσθεὶς
913 799 990 852 τὰς
1013 801 1226 857 ἱκετηρίας
1245 803 1377 846 τάσδε
1395 803 1472 854 τάς
1491 821 1561 847 τοι

196 870 351 928 ἥκομεν
383 874 604 927 φέροντες·
643 867 669 926 ἢ
702 867 753 912 οὕ
784 885 854 914 τοι
885 868 1044 923 ἄπιμεν
1077 868 1120 912 ἐκ
1145 874 1221 912 τοῦ
1248 867 1427 923 ἀδύτου,
1468 868 1557 913 ἀλλ’

198 937 328 982 αὗτοῦ
353 939 455 995 τῇδε
474 941 677 992 μενέομεν
704 935 849 981 ἔστ’ἂν
874 939 944 980 καὶ
963 935 1327 993 τελ.ευτήσωμεν”,
1355 943 1489 982 ταῦτα
1511 939 1558 982 δὲ

197 1009 369 1063 λέγουσι
393 1003 417 1062 ἡ
444 1006 685 1061 πρόμαντις
707 1009 790 1062 χρᾷ
816 1005 992 1060 δεύτερα
1017 1005 1133 1048 τάδε.

256 1072 304 1117 οὗ
333 1075 511 1117 δύναται
536 1071 710 1124 Παλλὰς
736 1070 805 1116 Δί’
824 1068 1049 1127 Ὀλύμπιον
1076 1071 1369 1124 ἐξιλάσασθαι

254 1140 483 1197 λισσομένη
510 1142 716 1184 πολλοῖσι
741 1140 885 1195 λόγοις
909 1142 978 1183 καὶ
1004 1140 1153 1196 μήτιδι
1178 1145 1327 1197 πυκνῇ.

256 1211 326 1253 σοὶ
352 1210 398 1251 δὲ
422 1205 516 1251 τόδ’
543 1201 663 1258 αὖτις
690 1207 796 1258 ἔπος
821 1207 945 1263 ἐρέω,
975 1205 1190 1261 ἀδάμαντι
1215 1208 1453 1259 πελάσσας.

253 1281 339 1319 τῶν
366 1275 506 1318 ἄλλων
530 1274 610 1330 γὰρ
638 1273 927 1328 ἁλισκομένων
954 1271 1037 1317 ὅσα
1062 1278 1285 1330 Κέκροπος
1312 1268 1438 1331 οὖρος

256 1341 373 1393 ἐντὸς
400 1342 484 1395 ἔχει
508 1341 712 1394 κευθμών
737 1357 782 1384 τε
808 1345 1090 1398 Κιθαιρῶνος
1116 1341 1315 1393 ζαθέοιο,

253 1419 393 1463 τεῖχος
423 1415 664 1465 Τριτογενεῖ
687 1409 853 1461 ξύλινον
880 1409 999 1452 διδοῖ
1022 1406 1215 1466 εὐρύοπα
1240 1410 1348 1460 Ζεύς

254 1482 410 1533 μοῦνον
436 1475 693 1532 ἀπόρθητον
718 1478 925 1529 τελέθειν,
952 1475 1002 1520 τὸ
1030 1478 1077 1520 σὲ
1101 1480 1226 1520 τέκνα
1251 1474 1284 1521 τ’
1303 1475 1460 1533 ὀνήσει.

255 1546 364 1601 μηδὲ
390 1545 439 1588 σύ
466 1543 500 1601 γ’
525 1544 769 1601 ἱπποσύνην
794 1561 839 1587 τε
864 1547 1004 1599 μένειν
1030 1546 1102 1587 καὶ
1127 1544 1256 1597 πεζὸν
1284 1544 1405 1588 ι’όντα

255 1612 417 1656 πολλὸν
444 1611 517 1656 ἀπ’
540 1610 722 1670 ἠπείρου
751 1611 932 1669 στρατὸν
958 1609 1133 1669 ἥσυχος,
1163 1610 1251 1655 ἀλλ’
1268 1611 1510 1670 ὑποχωρεῖν

256 1686 390 1725 νῶτον
417 1680 707 1737 ἐπιστρέψας·
735 1680 798 1723 ἔτι
823 1684 892 1723 τοί
916 1697 1025 1723 ποτε
1049 1678 1220 1731 κάντίος
1247 1680 1362 1737 ἔσσῃ.

258 1743 291 1791 ὦ
319 1753 419 1805 θείη
447 1751 659 1803 Σαλαμίς,
688 1746 870 1800 ἀπολεῖς
896 1749 941 1791 δὲ
968 1747 1018 1791 σὺ
1045 1747 1170 1791 τέκνα
1194 1753 1404 1804 γυναικών

257 1814 283 1874 ἤ
308 1833 394 1860 που
422 1816 699 1871 σκιδναμένης
724 1816 973 1872 Δημήτερος
997 1814 1024 1873 ἢ
1051 1816 1291 1873 συνιούσης.

202 1884 338 1928 ταῦτά
365 1899 446 1941 σφι
471 1882 696 1939 ἠπιώτερα
720 1883 800 1940 γὰρ
827 1888 911 1927 τιῦν
930 1887 1154 1940 προτέρων
1174 1886 1244 1927 καὶ
1264 1879 1311 1941 ἦν
1330 1886 1402 1928 καὶ
1423 1884 1564 1928 ἐδόκεε

203 1951 324 2004 εἶναι,
348 1951 703 2009 συγγραψάμενοι
717 1949 1051 1995 ἀπαλλάσσοντο
1068 1951 1110 2002 ἐς
1129 1950 1206 2003 τὰς
1216 1950 1412 2009 Άθήνας.
1447 1951 1505 2004 ὥς
1520 1954 1565 1996 δὲ

205 2019 476 2070 ἀπελθόντες
497 2019 538 2061 οἱ
558 2018 813 2075 θεοπρόποι
835 2016 1102 2075 ἀπήγγελλον
1124 2018 1166 2070 ἐς
1190 2019 1263 2062 τὸν
1285 2021 1429 2077 δῆμον,
1456 2025 1565 2076 γνιῦ-

202 2105 282 2142 μαι
300 2089 371 2130 καὶ
393 2084 520 2129 ἄλλαι
539 2088 699 2130 πολλαὶ
720 2085 904 2142 ἐγίνοντο
927 2087 1158 2143 διζημένων
1179 2085 1228 2130 τὸ
1248 2088 1465 2145 μαντήιον,
1495 2091 1566 2131 καὶ

204 2156 299 2199 αἵδε
314 2162 611 2211 συνεστηκυῖαι
627 2153 830 2208 μάλιστα.
852 2158 938 2197 τιῦν
951 2158 1254 2211 πρεσβυτέριον
1264 2154 1406 2211 ἔλεγον
1418 2158 1568 2210 μετεξ-

205 2228 343 2279 έτεροι
364 2224 524 2266 δοκέειν
546 2238 627 2278 σφι
646 2221 719 2265 τὸν
733 2221 840 2265 θεὸν
858 2220 932 2277 τὴν
948 2219 1184 2279 ἀκρόπολιν
1199 2226 1356 2279 χρῆσαι
1370 2227 1569 2282 περιέσε-

205 2296 336 2334 σθαι·
362 2289 386 2347 ἡ
407 2290 486 2347 γὰρ
509 2288 744 2348 ἀκρόπολις
763 2288 811 2332 τὸ
832 2289 973 2333 πάλαι
990 2294 1075 2332 τιῦν
1091 2287 1304 2346 Ἀθηνέων
1325 2292 1438 2348 ῥηχῷ
1458 2289 1568 2334 ἀπέ-

204 2375 386 2416 φρακτο.
425 2357 467 2401 οἱ
490 2359 566 2412 μὲν
588 2357 637 2414 δὴ
658 2356 767 2400 κατὰ
786 2355 859 2400 τὸν
881 2356 1079 2414 φραγμὸν
1105 2358 1412 2413 συνεβάλλοντο
1437 2364 1566 2404 τοῦτο

203 2426 251 2469 τὸ
275 2426 440 2478 ξύλινον
459 2434 600 2479 τεῖχος
621 2422 741 2477 εἶναι,
772 2424 813 2467 οἱ
835 2419 939 2467 δἀὖ
961 2424 1102 2481 ἔλεγον
1122 2424 1200 2477 τὰς
1224 2430 1320 2477 νέας
1347 2431 1567 2483 σημαίνειν

204 2492 276 2537 τὸν
291 2493 409 2545 θεόν,
431 2495 503 2536 καὶ
521 2493 681 2543 ταύτας
694 2496 1029 2549 παραρτέεσθαι
1043 2492 1232 2537 ἐκέλευον
1246 2493 1299 2537 τὰ
1314 2492 1422 2538 ἄλλα
1437 2492 1570 2539 ἀπέν-

204 2578 293 2612 τας.
332 2577 432 2612 τους
459 2554 516 2603 ὦν
539 2558 588 2616 δὴ
608 2559 685 2611 τὰς
704 2563 802 2611 νέας
822 2562 1022 2616 λέγοντας
1043 2559 1152 2604 εἶναι
1172 2561 1220 2605 τὸ
1244 2562 1410 2614 ξύλινον
1427 2572 1568 2617 τεῖχος

206 2629 392 2685 ἔσφαλλε
422 2627 477 2671 τὰ
509 2628 585 2671 δύο
617 2626 670 2671 τὰ
695 2630 920 2672 τελευταῖα
952 2630 1140 2685 ῥηθέντα
1166 2627 1253 2673 ὑπὸ
1281 2634 1356 2687 τῆς
1380 2634 1564 2688 Πυθίης,

264 2690 298 2738 ὦ
324 2700 424 2752 θείη
452 2698 664 2750 Σαλαμίς,
693 2692 874 2748 ἀπολεῖς
901 2697 945 2739 δὲ
972 2696 1020 2740 σί·
1047 2700 1171 2740 τέκνα
1194 2702 1402 2753 γυναικῶν

262 2762 288 2820 ἤ
314 2780 398 2807 που
427 2764 705 2820 σκιδνα,ιιένης
731 2765 979 2822 Δημήτερος
1007 2762 1030 2821 ἢ
1057 2765 1297 2822 συνιούσης.

1687 145 1688 158 ᾼ
1683 0 1691 103 -Ν-ῒέ

1736 521 1747 537 ἑ,

1734 538 1747 553 ς,
