1747 3293
492 284 806 319 ΗΡΟΔΟΤΟΥ
835 285 863 319 Ι.
891 284 1037 319 11-14,
1361 275 1446 317 249

88 357 333 405 στείχοντας
371 350 446 394 ἐπὶ
481 351 582 403 τοὺς
613 355 795 405 ξείνους·
834 355 996 405 ξείνους
1032 352 1112 409 γὰρ
1144 353 1315 397 ἐκάλεον
1345 352 1447 404 τοὺς

86 420 344 476 βαρβάρους.
406 419 448 462 οἱ
480 420 526 462 δὲ
558 418 617 471 ὥς
648 419 724 463 οὐκ
756 421 921 472 εἰδότες
954 422 1213 477 ἐπειρώτεον
1243 420 1293 465 τὸ
1326 421 1445 477 λεγό-

85 503 221 541 μενον,
251 486 525 543 ἐπειρόμενοι
552 489 598 531 δὲ
624 487 839 543 ἐξέμαθον
863 493 952 531 πᾶν
976 488 1025 532 τὸ
1047 488 1127 540 ἐόν,
1157 486 1268 532 ὥστε
1290 487 1331 532 ἐν
1351 489 1448 531 θώ-

84 571 190 609 ματι
214 555 436 610 γενόμενοι
463 553 724 612 ἐπορεύοντο
756 556 830 613 τὴν
854 561 1056 613 ταχίστην
1088 557 1334 608 διώκοντες·
1373 556 1448 600 σὺν

86 621 134 665 δέ
169 638 252 678 σφι
285 625 371 664 τῶν
408 627 641 679 περιοίκων
677 625 1032 678 Λακεδαιμονίων
1069 624 1249 680 λογάδες
1290 640 1449 668 πεντα-

85 691 289 742 κισχίλιοι
314 687 493 733 ὁπλῖται
518 688 658 734 τώυτὸ
684 695 813 734 τοῦτο
842 691 1027 735 ἐποίευν.

172 756 220 800 Οἱ
243 757 318 810 μὲν
346 758 396 814 δη
424 756 466 808 ἐς
486 756 559 801 τὸν
575 757 750 813 Ἰσθμὸν
769 757 1011 816 ἠπείγοντο,
1036 756 1217 814 Ἀργεῖοι
1237 759 1283 802 δὲ
1304 757 1448 802 ἐπείτε

84 825 268 878 τάχιστα
295 823 516 868 ἐπύθοντο
540 825 643 877 τοὺς
661 825 771 880 μετὰ
790 830 1047 870 Παυσανίεω
1069 825 1385 882 ἐξεληλυθότας
1405 825 1449 869 ἐκ

85 893 302 950 Σπάρτης,
330 896 559 946 πέμπουσι
583 894 743 950 κήρυκα
766 899 853 937 τῶν
872 892 1180 951 ἡμεροδρόμων
1201 891 1449 950 ἀνευρόντες

85 959 158 1003 τὸν
191 958 368 1014 ἄριστον
400 960 442 1011 ἐς
478 960 552 1016 τὴν
579 959 778 1017 Σίττικήν,
817 962 1029 1017 πρότερον
1061 959 1186 1004 αὖτοὶ
1216 961 1447 1017 Μαρδονίῳ

86 1026 404 1082 ὑποδεξάμενοι
441 1028 612 1084 σχήσειν
648 1027 721 1071 τὸν
757 1030 1034 1085 Σπαρτιήτην
1069 1027 1126 1084 μὴ
1165 1028 1334 1080 ἐξιέναι.
1402 1028 1450 1079 ὃς

87 1095 230 1138 ἐπείτε
256 1093 436 1138 ἀπίκετο
469 1094 511 1146 ἐς
542 1095 619 1147 τὰς
641 1093 842 1152 Ἀθήνας,
883 1096 998 1152 ἔλεγε
1028 1097 1151 1139 τάδε·
1182 1094 1445 1150 ε(Μαρδόνιε,

87 1163 292 1218 ἔπεμψάν
316 1180 370 1217 με
391 1161 571 1219 Ἀργεῖοι
597 1164 821 1221 φράσοντά
847 1180 933 1216 τοι,
962 1161 1030 1207 ὅτι
1057 1163 1100 1207 ἐκ
1124 1165 1450 1219 Λακεδαίμονος

88 1231 318 1287 ἐξελήλυθε
343 1229 368 1288 ἡ
395 1232 560 1287 νεότης,
588 1233 659 1274 καὶ
686 1229 745 1282 ὡς
771 1229 820 1274 οὗ
849 1232 1023 1274 δυνατοὶ
1050 1230 1179 1288 αύτὴν
1204 1233 1339 1286 ἴσχειν
1365 1232 1449 1275 εἰσὶ

81 1298 262 1355 Ἀργεῖοι
285 1297 342 1355 μὴ
370 1297 445 1342 οὐκ
471 1298 638 1351 ἐξιέναι.
677 1299 789 1354 πρὸς
813 1304 950 1342 ταῦτα
975 1301 1153 1356 τύγχανε
1179 1294 1225 1343 εὖ
1242 1301 1448 1355 βουλευό-

86 1365 250 1421 μενος.”
291 1364 312 1409 ὁ
331 1367 409 1419 μὲν
431 1366 480 1423 δή
502 1367 631 1418 εἴπας
650 1371 788 1410 ταῦτα
809 1365 1117 1410 ἀπαλλάσσετο
1141 1365 1298 1412 ὀπίσω.
1326 1375 1448 1421 Μαρ-

88 1435 231 1485 δόνιος
257 1434 303 1477 δὲ
329 1432 531 1488 οὐδαμῶς
558 1434 621 1477 ἔτι
646 1435 882 1490 πρόθυμος
906 1428 955 1491 ἦν
979 1439 1120 1489 μένειν
1147 1435 1189 1479 ἐν
1214 1440 1263 1491 τῇ
1274 1434 1447 1491 Ἀττικῇ,

88 1501 146 1553 ὡς
171 1500 328 1558 ἤκουσε
353 1506 502 1544 ταῦτα.
563 1503 665 1557 πρὶν
690 1506 766 1555 μέν
791 1520 862 1545 νυν
888 1500 914 1558 ἢ
939 1502 1187 1554 πυθέσθαι,
1216 1502 1451 1556 ἀνεκώχευε

88 1569 252 1612 ἐθέλων
284 1568 443 1612 εἰδέναι
473 1568 522 1612 τὸ
549 1567 914 1625 παρ’ἒίθηναίων,
949 1568 1093 1612 ὁκοῖόν
1124 1588 1167 1613 τι
1197 1571 1448 1625 ποιήσουσι,

87 1642 158 1680 καὶ
185 1635 283 1680 οὕτε
310 1636 520 1692 ἐπήμαινε
547 1635 646 1680 οὔτε
673 1636 836 1680 ἐσίνετο
856 1642 930 1693 γῆν
948 1637 1022 1693 τὴν
1038 1636 1237 1694 Ἀττικήν,
1266 1637 1451 1690 ἐλπίζων

88 1705 160 1748 διὰ
186 1704 350 1755 παντὸς
374 1709 451 1747 τοῦ
475 1705 630 1761 χρόνου
660 1703 942 1761 ὁμολογήσειν
968 1709 1127 1761 σφέας·
1166 1704 1263 1748 ἐπεὶ
1296 1706 1343 1748 δὲ
1375 1703 1452 1747 οὐκ

89 1773 264 1824 ἔπειθε,
298 1772 553 1825 πυθόμενος
578 1771 651 1815 τὸν
677 1773 822 1815 πάντα
847 1773 985 1828 λόγον,
1020 1774 1122 1829 πρὶν
1153 1770 1180 1829 ἢ
1209 1772 1312 1824 τοὺς
1341 1771 1451 1826 μετὰ

87 1844 342 1884 Παυσανίεω
371 1839 412 1890 ἐς
436 1838 510 1882 τὸν
524 1837 700 1893 Ἰσθμὸν
721 1839 921 1894 ἐμβαλεῖν
940 1838 1206 1897 ὑπεξεχώρεε
1227 1839 1454 1895 ἐμπρήσας

88 1925 134 1951 τε
159 1906 237 1956 τὰς
251 1904 448 1963 Ἀθήνας,
476 1908 548 1949 καὶ
574 1908 616 1950 εἴ
637 1908 712 1950 κού
740 1925 780 1950 τι
801 1905 938 1963 ὀρθὸν
958 1901 1008 1964 ἦν
1026 1912 1111 1950 τιῦν
1131 1912 1303 1961 τειχέων
1322 1906 1348 1964 ἢ
1367 1912 1453 1950 τῶν

89 1974 334 2030 οἰκημάτων
359 1972 385 2030 ἢ
409 1979 494 2017 τῶν
522 1974 635 2030 ἱρῶν,
665 1976 808 2018 πάντα
834 1974 1088 2029 καταβαλών
1114 1977 1185 2018 καὶ
1211 1976 1450 2031 συγχώσας.

89 2043 288 2099 ἐξήλαυνε
316 2042 362 2084 δὲ
386 2043 521 2086 τῶνδε
548 2042 713 2094 εἵνεκεν,
744 2040 812 2085 ὅτι
839 2042 937 2086 οὔτε
965 2043 1189 2099 ἱππασίμη
1216 2041 1239 2098 ἡ
1264 2043 1383 2098 χώρη
1407 2037 1452 2098 ἦν

88 2108 304 2167 ἡὲίττική,
333 2110 441 2152 εἴτε
466 2114 619 2165 νικῷτο
648 2112 892 2165 συμβαλών,
922 2108 1166 2163 ἀπάλλαξις
1193 2109 1268 2153 οὐκ
1294 2105 1354 2166 ἦν,
1385 2108 1452 2153 ὅτι

88 2177 144 2235 μὴ
170 2177 280 2221 κατὰ
306 2178 482 2229 στεινόν,
512 2174 624 2221 ὥστε
651 2175 822 2233 ὀλίγους
849 2182 988 2235 σφέας
1014 2177 1284 2234 ἀνθρώπους
1304 2179 1450 2231 ἴσχειν.

91 2245 342 2300 ἐβουλεύετο
375 2240 432 2288 ὧν
470 2244 812 2302 ἐπαναχωρήσας
850 2245 891 2297 ἐς
927 2245 1006 2297 τὰς
1040 2247 1181 2303 Θήβας
1218 2248 1452 2300 συμβαλεῖν

88 2312 201 2368 πρὸς
226 2313 332 2356 πόλι
356 2329 402 2355 τε
427 2315 551 2369 φιλίῃ
577 2316 648 2355 καὶ
672 2314 788 2370 χώρῃ
818 2314 1066 2370 ἱππασίμῳ.
1105 2314 1351 2368 Μαρδόνιος
1376 2314 1452 2366 μὲν

91 2379 141 2436 δὴ
168 2379 447 2434 ὑπεξεχώρεε,
476 2378 553 2436 ἤδη
576 2381 620 2423 δὲ
636 2380 677 2423 ἐν
697 2386 746 2438 τῇ
765 2379 852 2437 ὁδῷ
876 2379 989 2424 ἐόντι
1011 2380 1126 2436 αὐτῷ
1150 2375 1259 2436 ἦλθε
1281 2378 1452 2435 ἀγγελίη

90 2448 341 2504 πρόδρομον
368 2446 497 2503 ἄλλην
524 2448 725 2504 στρατιὴν
751 2446 864 2504 ἥκειν
890 2448 932 2498 ἐς
957 2453 1152 2503 Μέγαρα,
1179 2449 1454 2501 Λακεδαιμο-

89 2520 190 2558 νίων
212 2517 391 2568 χιλίους.
457 2516 711 2568 πυθόμενος
737 2517 783 2558 δὲ
807 2519 945 2558 ταῦτα
971 2515 1239 2569 ἐβουλεύετο,
1275 2514 1451 2566 ἐθέλων,

92 2583 134 2625 εἴ
154 2599 238 2634 κως
263 2583 443 2633 τούτους
469 2587 643 2637 πρῶτον
670 2583 771 2626 ἕλοι.
834 2581 1117 2639 ὑποστρέψας
1150 2584 1196 2625 δὲ
1227 2582 1300 2639 τὴν
1326 2599 1455 2638 στρα-

90 2648 182 2706 τιὴν
208 2651 281 2706 ἠγε
307 2650 381 2693 ἐπὶ
406 2649 459 2693 τὰ
479 2654 675 2706 Μέγαρα·
701 2648 725 2707 ἡ
753 2651 799 2693 δὲ
824 2651 965 2701 ἵππος
990 2652 1275 2706 προελθοῦσα
1299 2668 1454 2694 κατιπ-

91 2719 267 2761 πάσατο
295 2719 439 2775 χώρην
470 2717 544 2774 τὴν
576 2719 812 2775 Μεγαρίδα.
876 2718 918 2769 ἐς
953 2719 1111 2774 ταύτην
1143 2718 1193 2775 δὴ
1232 2717 1454 2760 ἑκαστάτω

91 2790 167 2841 τῆς
197 2783 416 2843 Εὐρώπης
447 2786 496 2830 τὸ
530 2785 641 2842 πρὸς
678 2784 799 2843 ἡλίου
835 2786 1034 2837 δύνοντος
1072 2785 1091 2828 r‘
1126 2786 1310 2844 Περσική
1349 2784 1453 2842 αὕτη

1085 2827 1091 2842 A

1474 773 1506 796 12

1475 1381 1506 1405 13

1480 2327 1510 2350 14
