1747 3293
290 213 373 254 290
684 215 998 251 ΗΡΟΔΟΤΟΥ
1028 215 1057 249 Ι.
1082 215 1160 251 110.
1186 216 1263 250 111.

217 304 266 330 no
292 286 528 345 περιχαρὴς
554 286 686 328 ἐοῦσα
710 289 772 340 τῷ
800 284 926 340 δώρῳ
955 283 1111 341 ἐφόρεέ
1140 300 1186 326 τε
1211 285 1283 326 καὶ
1307 283 1529 340 ἠγάλλετο.
1583 287 1656 328 καὶ

221 1321 269 1345 111

288 376 313 414 η
330 354 401 410 Ape
377 371 555 412 μηστρις
580 353 854 395 πυνθάνεταί
872 369 945 406 μιν
967 351 1158 405 ἔχουσαν,
1186 355 1396 405 μαθοῦσα
1417 352 1463 394 δὲ
1480 351 1530 395 τὸ
1550 367 1656 394 ποι-

290 424 464 477 εύμενον
489 426 540 479 τῇ
565 421 642 475 μὲν
666 421 833 476 γυναικὶ
850 420 984 476 ταύτῃ
1007 417 1082 462 οῦκ
1103 416 1188 472 εἶχε
1209 418 1392 474 ε’γκοτον,
1419 416 1444 475 ἡ
1467 419 1513 461 δὲ
1533 418 1656 462 ἐλπί-

292 492 426 544 ζουσα
449 489 523 547 τὴν
554 491 717 545 μητέρα
749 488 879 540 αὐτῆς
913 485 1025 530 εἶναι
1056 486 1196 542 αἰτίην
1227 489 1299 529 καὶ
1327 490 1466 529 ταῦτα
1498 485 1657 543 ἐκείνην
1707 510 1728 539 3.-

289 559 514 616 πρήσσειν,
542 561 593 614 τῇ
614 559 848 603 Μασίστεω
869 557 1037 611 γυναικὶ
1058 554 1257 609 ἐβούλευε
1278 553 1477 609 ὀλεθρον.
1516 555 1657 611 φυλά-
1707 551 1727 593 ζ

290 629 401 679 ξασα
428 626 474 668 δὲ
498 623 572 667 τὸν
599 642 649 667 αι
654 624 734 680 δρα
757 623 831 667 τὸν
858 622 1074 679 ἑωυτῆςα
1050 621 1203 679 έρξην
1227 622 1454 678 βασιλήϊον
1481 622 1657 665 δεῖπνον

289 696 609 751 προτιθέμενον
636 694 781 746 (τοῦτο
809 692 855 734 δὲ
873 690 923 735 τὸ
946 691 1120 734 δεῖπνον
1140 691 1518 748 παρασκευάζεται
1538 686 1660 742 α’παξ

289 767 368 805 τοῦ
395 761 610 811 ἐνιαυτοῦ,
646 759 688 803 ἐν
719 757 854 817 ἡμέρῃ
885 764 937 816 τῇ
965 758 1127 815 ἐγένετο
1157 759 1380 813 βασιλεύς·
1420 755 1585 811 οὕνομα
1610 757 1658 800 δὲ

289 835 350 886 τῷ
379 831 539 885 δείπνῳ
565 828 705 884 τούτῳ
725 829 934 884 Περσιστὶ
957 827 1034 882 μὲν
1053 827 1197 879 τυκτά,
1224 825 1334 869 κατὰ
1360 827 1407 870 δὲ
1425 825 1499 882 τὴν
1514 823 1660 882 Ἑλλή-
1710 858 1722 875 ,,

290 915 373 942 νων
398 899 597 953 γλῶσσαν
616 898 780 938 τέλεον·
807 896 906 938 τότε
925 897 997 938 καὶ
1016 894 1090 952 τὴν
1110 893 1300 951 κεφαλὴ-ν
1320 898 1484 948 σμᾶται
1501 897 1660 948 μοῦνον
1707 892 1711 940 ’ς

290 965 494 1021 βασιλευς
524 967 597 1007 καὶ
626 967 798 1018 Πέρσας
830 962 1073 1019 δωρέεται),
1112 979 1272 1016 ταυτην
1309 960 1359 1018 δὴ
1396 960 1471 1018 τὴν
1501 959 1660 1018 ἡμέρην
1710 985 1711 990 =

294 1034 526 1091 φυλάξασα
552 1050 575 1089 η
593 1030 818 1088 Αμηστρις
840 1031 1004 1087 χρηίζει
1028 1034 1104 1073 τοῦ
1124 1029 1292 1084 Ξέρξεω
1315 1030 1504 1086 δοθῆναί
1525 1029 1566 1072 οἱ
1585 1027 1659 1085 τὴν

292 1105 526 1145 Μασίστεω
553 1109 745 1156 γυναῖκα.
785 1096 806 1142 ὃ
835 1100 881 1141 δὲ
908 1098 1046 1141 δεινόν
1071 1114 1117 1141 τε
1142 1099 1214 1140 καὶ
1235 1094 1440 1152 ἀνάρσιον
1461 1096 1658 1140 ἐποιέετο
1712 1126 1713 1135 ,

291 1174 421 1212 τοῦτο
446 1169 522 1222 μὲν
550 1166 764 1224 ἀδελφεοῦ
789 1175 968 1222 γυναῖκα
993 1166 1280 1223 παραδοῦναι,
1310 1169 1438 1208 τοῦτο
1465 1165 1511 1207 δὲ
1537 1162 1661 1207 ἄναι-

293 1241 386 1293 τίην
431 1236 586 1278 ἐοῦσαν
629 1239 708 1277 τοῦ
751 1234 1006 1291 πρήγματος
1046 1234 1222 1275 τούτου·
1273 1237 1424 1289 συνῆκε
1465 1231 1545 1288 γὰρ
1581 1236 1660 1275 τοῦ
1712 1240 1720 1286 j

296 1305 449 1347 εἵνεκεν
476 1302 631 1345 ἐδέετο.
691 1303 814 1352 τέλος
837 1304 986 1355 μέντοι
1013 1300 1170 1355 ἐκείνης
1201 1316 1247 1342 τε
1271 1300 1564 1357 λιπαρεούσης
1588 1301 1662 1342 καὶ

294 1370 382 1415 ὑπὸ
408 1375 485 1414 τοῦ
511 1370 644 1425 νόμου
674 1368 965 1425 ἐξεργόμενος,
1000 1365 1069 1410 ὅτι
1095 1365 1307 1423 ἀτυχῆσαι
1337 1366 1410 1410 τὸν
1432 1367 1662 1424 χρηΐζοντα
1714 1400 1716 1426 t

296 1437 348 1483 ού
385 1455 465 1496 σφι
508 1437 687 1481 δυνατόν
733 1436 825 1480 ἐστι
866 1437 1097 1492 βασιληίου
1143 1436 1318 1478 δείπνου
1361 1439 1659 1491 προκειμένου,
1715 1455 1718 1459 ·

294 1508 432 1564 κάρτα
465 1505 515 1562 δη
549 1503 685 1548 άέκων
720 1505 963 1555 κατανεύει,
1002 1505 1074 1546 καὶ
1110 1502 1338 1559 παραδοὺς
1373 1507 1518 1546 ποιέει
1554 1497 1661 1546 ὦδε·

298 1574 374 1632 τὴν
399 1575 476 1630 μὲν
500 1574 665 1617 κελεύει
698 1577 865 1618 ποιέειν
894 1570 949 1614 τὰ
978 1572 1200 1626 βούλεται,
1236 1568 1258 1614 ὁ
1292 1571 1338 1613 δὲ
1367 1572 1664 1627 μεταπεμψά-

296 1660 424 1699 μενος
443 1641 518 1687 τὸν
540 1640 753 1700 ἀδελφεὸν
773 1640 885 1698 λέγει
899 1640 1022 1684 τάδε·
1051 1637 1300 1691 “Μασίστα,
1330 1637 1379 1682 σὺ
1402 1637 1463 1690 εἷς
1475 1643 1662 1697 Δαρείου
1714 1675 1717 1678 .

296 1729 343 1755 τε
368 1719 477 1762 παῖς
501 1712 571 1753 καὶ
599 1710 701 1765 ἐμὸς
727 1708 957 1767 ἀδελφεός,
991 1707 1102 1764 πρὸς
1135 1705 1174 1750 δ’
1194 1706 1256 1751 ἐτι
1280 1707 1477 1752 τούτοισι
1506 1709 1578 1752 καὶ
1603 1705 1665 1760 εἷς

300 1779 404 1837 ἀνὴρ
445 1777 630 1835 ἀγαθός.
690 1779 856 1835 γυναικὶ
894 1778 940 1820 δὲ
975 1777 1108 1833 ταύτῃ
1146 1780 1197 1833 τῇ
1234 1780 1305 1819 νῦν
1342 1780 1575 1827 συνοικέεις
1605 1776 1663 1833 μὴ

299 1852 508 1900 συνοίκεε,
545 1845 654 1889 ἀλλά
679 1863 748 1889 τοι
775 1843 859 1888 ἀντ’
878 1843 1007 1901 αὐτῆς
1039 1843 1120 1900 ἐγιὺ
1155 1845 1314 1898 δίδωμι
1343 1847 1567 1900 θυγατέρα
1590 1843 1666 1900 τὴν

299 1915 416 1973 ἐμήν.
477 1915 612 1971 ταύτῃ
648 1917 858 1957 συνοίκεε·
896 1912 970 1969 την
998 1913 1044 1955 δὲ
1075 1916 1147 1955 νῦν
1180 1912 1304 1965 ἔχεις,
1340 1909 1388 1955 οῦ
1414 1911 1495 1969 γὰρ
1527 1912 1668 1955 δοκέει

301 1983 414 2038 ἐμοί,
447 1981 505 2039 μὴ
533 1982 598 2035 ἔχε
623 1979 840 2037 γυναῖκα.”
905 1980 925 2024 ὃ
955 1981 1001 2023 δὲ
1025 1984 1250 2036 Μασίστης
1277 1978 1589 2034 ἀποθωμάσας
1612 1998 1668 2023 τα

302 2051 510 2107 λεγόμενα
535 2053 647 2106 λέγει
672 2046 796 2092 τάδε·
823 2042 890 2090 “15
920 2050 1131 2100 δέσποτα,
1159 2052 1255 2091 τίνα
1278 2065 1356 2102 μοι
1381 2048 1506 2103 λόγον
1531 2050 1669 2104 λέγεις

301 2118 525 2176 ἄχρηστον,
552 2118 734 2161 κελεύων
759 2133 813 2172 με
836 2125 1029 2172 γυναῖκα,
1058 2115 1102 2158 ἐκ
1126 2121 1200 2172 τῆς
1224 2133 1301 2170 μοι
1325 2117 1484 2167 παῖδες
1503 2120 1668 2172 νεηνίαι

300 2187 348 2230 τέ
379 2187 465 2230 εἶσι
494 2188 567 2229 καὶ
599 2188 855 2242 θυγατέρες,
894 2188 980 2227 τῶν
1017 2186 1089 2226 καὶ
1121 2183 1171 2227 σὺ
1203 2187 1306 2238 μίαν
1342 2188 1403 2240 τῷ
1440 2185 1570 2227 παιδὶ
1605 2189 1668 2240 τῷ

303 2259 495 2300 σεωυτοῦ
520 2252 677 2311 ἠγάγεο
703 2261 895 2309 γυναῖκα,
925 2250 1030 2308 αὗτή
1056 2255 1105 2294 τέ
1128 2268 1205 2306 μοι
1225 2250 1334 2294 κατὰ
1353 2252 1451 2294 νόον
1470 2252 1669 2307 τυγχάνει

300 2324 438 2381 κάρτα
465 2322 616 2374 ἐοῦσα,
649 2323 809 2378 ταύτην
838 2337 893 2375 με
923 2320 1110 2371 κελεύεις
1134 2322 1314 2373 μετέντα
1345 2323 1568 2376 θυγατέρα
1593 2320 1669 2376 τὴν

304 2395 497 2435 σεωυτοῦ
533 2395 690 2447 γῆμαι;
734 2388 817 2445 ἐγω
858 2389 915 2440 δέ,
954 2389 1153 2443 βασιλεῦ,
1197 2391 1307 2443 μέγα
1345 2387 1421 2442 μὲν
1457 2392 1670 2442 ποιεῦμαι

304 2458 554 2514 ἀξιεύμενος
591 2456 812 2514 θυγατρὸς
847 2460 922 2512 τῆς
960 2461 1054 2512 σῆς,
1099 2456 1274 2512 ποιήσω
1316 2455 1465 2510 μέντοι
1505 2456 1671 2499 τούτων

306 2527 523 2585 οὗδέτερα.
585 2525 636 2570 σὺ
665 2527 710 2569 δε
734 2526 946 2583 μηδαμῶς
975 2528 1060 2578 βιιῦ
1091 2523 1346 2580 πρήγματος
1375 2524 1548 2567 τοιοῦδε
1575 2524 1672 2567 δεό-

304 2609 449 2651 μενος·
477 2593 586 2638 ἀλλὰ
611 2599 661 2652 τῇ
686 2611 732 2637 τε
754 2598 805 2651 σῇ
826 2594 1015 2649 θυγατρὶ
1035 2589 1139 2648 ἀνὴρ
1161 2590 1290 2642 ἄλλος
1309 2591 1551 2649 φανήσεται
1571 2591 1670 2646 ἐμεῦ

307 2663 427 2708 οῦδὲν
455 2664 604 2715 ἕσσων,
634 2662 709 2717 ἐμὲ
727 2679 773 2705 τε
799 2661 847 2704 ἔα
872 2662 1039 2717 γυναικὶ
1062 2664 1114 2717 τῇ
1142 2659 1219 2717 ἐμῇ
1242 2657 1513 2703 συνοικέεινῗ
1554 2658 1576 2703 ὃ
1595 2660 1672 2713 μὲν

308 2731 356 2789 δὴ
383 2732 623 2775 τοιούτοισι
643 2729 883 2786 ἀμείβεται,
911 2730 1071 2784 Ξέρξης
1093 2728 1139 2771 δὲ
1158 2729 1394 2782 θυμωθεὶς
1413 2729 1526 2784 λέγει
1545 2728 1670 2772 τάδε·
