1747 3293
451 272 766 308 ΗΡΟΔΟΤΟΥ
794 272 834 307 Ζ.
861 273 1052 308 112-117.
1379 264 1434 306 93

14 369 17 381 1
71 341 119 384 δὲ
138 337 365 394 ἀνέσχοντο
387 339 556 396 ἐσθῆτά
575 358 621 384 τε
641 341 833 398 Μηδικὴν
854 339 1046 400 ὁρέοντες
1064 342 1136 385 καὶ
1156 339 1315 400 ἄνδρας
1333 341 1435 394 τοὺς

70 407 230 465 ταύτην
256 407 544 465 ἐσθημένους·
575 413 684 461 τέως
710 410 755 452 δὲ
779 403 828 466 ἦν
852 418 970 453 τοῖσι
985 407 1159 467 Ἕλλησι
1188 412 1261 454 καὶ
1285 409 1334 454 τὸ
1362 408 1434 454 οὕ-

70 492 182 530 νομα
217 474 268 519 τὸ
300 476 459 533 Μήδων
491 474 632 534 φόβος
663 475 860 521 ἀκοῦσαι.
925 481 1178 532 μαχομένων
1211 479 1257 522 δὲ
1294 477 1336 521 ἐν
1371 482 1432 536 τῷ
1458 492 1507 517 113

71 548 318 601 Μαραθῶνι
340 545 493 601 χρόνος
519 544 678 601 ἐγίνετο
704 546 879 596 πολλός.
928 547 1000 589 καὶ
1023 544 1072 589 τὸ
1098 547 1176 600 μὲν
1199 549 1331 601 μέσον
1355 550 1433 590 τοῦ

72 613 371 667 στρατοπέδου
400 611 556 655 ἐνίκεον
578 612 620 655 οἱ
642 613 870 669 βάρβαροι,
897 617 949 670 τῇ
967 617 1134 670 Πέρσαι
1152 631 1198 657 τε
1219 611 1344 658 αὐτοὶ
1362 616 1434 657 καὶ

70 679 210 722 Σάκαι
236 679 486 733 ἐτετάχατο·
512 679 621 722 κατὰ
645 684 774 723 τοῦτο
799 680 875 734 μὲν
901 679 952 736 δὴ
973 679 1128 724 ἐνίκεον
1150 681 1194 724 οἱ
1215 681 1433 739 βάρβαροι

71 748 143 789 καὶ
168 746 367 804 ῥήξαντες
393 746 569 790 ἐδίωκον
596 746 638 797 ἐς
662 746 736 802 την
764 747 1015 802 μεσόγαιαν,
1042 746 1091 790 τὸ
1119 748 1166 791 δὲ
1190 752 1316 804 κέρας
1336 748 1434 791 ἑκά-

70 830 192 871 τερον
224 814 380 857 ἐνίκεον
406 812 628 870 Ἀθηναῖοί
657 830 702 856 τε
733 815 804 856 καὶ
835 815 1086 865 Πλαταιέες.
1147 818 1355 867 νικέοντες
1387 817 1434 859 δὲ

69 879 120 924 τὸ
144 882 221 935 μὲν
245 885 533 938 τετραμμένον
558 885 642 924 τῶν
666 881 899 938 βαρβάρων
925 882 1099 938 φεύγειν
1125 881 1217 932 ἐ’ων,
1244 891 1361 926 τοῖσι
1388 884 1433 926 δὲ

69 947 118 991 τὸ
143 951 276 1002 μέσον
301 948 455 1006 ῥήξασι
481 947 622 991 αὐτῶν
650 949 959 1004 συναγαγόντες
983 947 1038 991 τὰ
1056 947 1181 1005 κέρεα
1200 947 1430 1006 ἀμφότερα

71 1014 278 1070 ἐμάχοντο
303 1017 376 1058 καὶ
401 1015 558 1060 ἐνίκεον
580 1015 817 1074 Ἀθηναῖοι.
873 1017 1084 1073 φεύγουσι
1111 1017 1157 1059 δὲ
1181 1025 1299 1060 τοῖσι
1324 1021 1434 1074 Πέρ-

71 1099 173 1140 σῃσι
197 1083 373 1127 εἵποντο
398 1084 649 1136 κόπτοντες,
684 1083 727 1135 ἐς
758 1084 779 1127 ὃ
813 1083 888 1126 ἐπὶ
912 1083 986 1140 τὴν
1012 1084 1244 1128 θάλασσαν
1276 1082 1435 1129 ἀπικό-

68 1167 192 1205 μενοι
222 1155 309 1209 πῦρ
341 1169 386 1195 τε
418 1153 561 1195 αἴτεον
592 1153 663 1195 καὶ
689 1151 1040 1207 ἐπελαμβάνοντο
1065 1156 1151 1195 τῶν
1181 1157 1300 1197 νεῶν.
1362 1155 1434 1196 καὶ
1460 1168 1508 1192 114

16 1265 17 1279 ἶ
69 1222 199 1261 τοῦτο
223 1220 300 1274 μὲν
326 1218 369 1263 ἐν
393 1219 534 1276 τούτῳ
567 1224 628 1276 τῷ
654 1219 776 1276 πόνῳ
811 1217 834 1263 ὅ
860 1222 1135 1277 πολέμαρχος
1159 1223 1435 1276 Καλλίμαχος

71 1287 395 1344 διαφθείρεται,
425 1285 528 1345 ἀνήρ
553 1288 780 1344 γενόμενος
806 1285 992 1343 ἀγαθός,
1022 1286 1112 1332 ἀπὸ
1140 1286 1180 1332 δ’
1198 1289 1330 1332 ἔθανε
1350 1294 1434 1333 τῶν

72 1359 320 1411 στρατηγῶν
344 1357 591 1412 Στησίλεως
617 1353 639 1399 ὁ
669 1355 920 1411 Θρασύλεω·
957 1360 1085 1399 τοῦτο
1113 1357 1158 1399 δὲ
1182 1361 1435 1412 Κυνέγειρος

72 1420 94 1464 ὅ
109 1419 395 1478 Εὐφορίωνος
421 1421 613 1465 ἐνθαῦτα
633 1422 949 1477 ἐπιλαβόμενος
966 1427 1051 1466 τῶν
1072 1421 1307 1480 ἀφλάστων
1326 1425 1432 1476 νεός,

14 1533 18 1551 .‚
70 1487 144 1546 τὴν
160 1498 285 1545 χεῖρα
304 1488 547 1542 ἀποκοπεὶς
566 1492 739 1534 πελέκεϊ
756 1494 924 1542 πίπτει,
951 1495 1079 1534 τοῦτο
1102 1491 1147 1534 δὲ
1168 1489 1293 1535 ἄλλοι
1307 1490 1436 1548 Ἀθη-

14 1554 17 1568 *
71 1561 202 1600 ναίων
228 1559 387 1601 πολλοί
410 1575 456 1601 τε
481 1560 552 1600 καὶ
579 1556 854 1612 οὗνομαστοί.
904 1557 1017 1601 ἑπτὰ
1040 1559 1116 1613 μὲν
1143 1558 1193 1615 δὴ
1219 1564 1305 1602 τῶν
1329 1564 1435 1603 νεῶν
1461 1572 1508 1598 115

73 1624 369 1681 ἐπεκράτησαν
394 1626 547 1681 τρόπῳ
573 1628 758 1681 τοιούτῳ
781 1624 1026 1682 Ἀθηναῖοι·
1058 1630 1157 1683 τῇσι
1183 1627 1230 1670 δὲ
1254 1629 1436 1685 λοιπῇσι

74 1693 117 1736 οἱ
146 1693 364 1751 βάρβαροι
395 1693 827 1750 ἐξανακρουσάμενοι,
867 1695 938 1736 καὶ
970 1692 1257 1748 ἀναλαβόντες
1288 1694 1332 1737 ἐκ
1362 1699 1436 1751 τῆς

73 1761 204 1817 νήσου
239 1760 280 1804 ἐν
310 1765 361 1817 τῇ
395 1760 544 1804 ἔλιπον
574 1760 629 1804 τὰ
661 1760 707 1813 ἐξ
732 1758 944 1817 Ἐρετρίης
976 1759 1249 1817 ἀνδράποδα,
1288 1766 1437 1817 περιέ-

73 1831 222 1872 πλωον
240 1829 431 1880 Σούνιον,
458 1828 715 1882 βουλόμενοι
741 1832 911 1884 φθῆναι
937 1827 1036 1879 τοὺς
1052 1827 1306 1885 Ἀθηναίους
1332 1827 1437 1872 ἀπι-

73 1897 247 1951 κόμενοι
284 1895 326 1947 ἐς
362 1895 411 1939 τὸ
450 1893 572 1939 ἄστυ.
636 1895 750 1951 αἰτίη
797 1896 843 1938 δὲ
880 1895 975 1948 ἔσχε
1014 1895 1054 1938 ἐν
1085 1893 1355 1952 Ἀθηναίοισι
1393 1897 1439 1949 ἐξ

72 1963 436 2020 Ἀλκμαιωνιδέων
460 1967 648 2020 μηχανῆς
674 1961 829 2014 αὖτοὺς
847 1967 983 2006 ταῦτα
1005 1963 1312 2021 ἐπινοηθῆναι·
1338 1966 1438 2008 τού-

74 2050 175 2084 τους
210 2030 291 2089 γὰρ
330 2035 619 2086 συνθεμένους
655 2039 773 2074 τοῖσι
802 2034 996 2088 Πέρσῃσι
1028 2029 1233 2084 ἀναδέξαι
1270 2031 1438 2076 ἀσπίδα

75 2101 194 2145 ἐοῦσι
220 2090 299 2157 ἤδη
328 2099 369 2142 ἐν
394 2103 493 2157 τῇσι
518 2103 653 2156 νηυσί.
703 2092 824 2141 οὗτοι
848 2100 924 2152 μὲν
952 2097 1001 2155 δὴ
1028 2102 1302 2157 περιέπλωον
1327 2102 1437 2144 Σούε
1464 2115 1512 2139 116

75 2182 183 2213 νιον·
216 2166 440 2224 Ἀθηναῖοι
471 2168 517 2210 δὲ
543 2165 602 2218 ῶς
633 2167 782 2210 ποδῶν
816 2164 927 2219 εἶχον
958 2167 1140 2220 τάχιστα
1173 2167 1369 2223 ἐβιόθεον
1396 2169 1437 2220 ἐς

74 2237 123 2280 τὸ
152 2234 278 2288 ἄστυ,
318 2236 389 2278 καὶ
415 2235 618 2292 ἔφθησάν
650 2251 695 2277 τε
722 2233 981 2288 ἀπικόμενοι
1013 2237 1115 2291 πρὶν
1148 2234 1173 2292 ἢ
1203 2235 1304 2288 τοὺς
1334 2242 1439 2294 βαρ-

75 2305 238 2362 βάρους
261 2300 389 2360 ἥκειν,
415 2305 488 2345 καὶ
514 2302 965 2358 ἐστρατοπεδεύσαντο
994 2300 1224 2359 ἀπιγμένοι
1252 2303 1297 2357 ἐξ
1315 2303 1438 2360 Ἡρα-

76 2374 217 2415 κλείου
242 2375 321 2414 τοῦ
348 2370 390 2414 ἐν
414 2375 662 2426 Μαραθῶνι
690 2371 731 2413 ἐν
758 2368 873 2426 ἄλλῳ
896 2368 1126 2427 Ἡρακλείῳ
1153 2376 1214 2427 τῷ
1242 2371 1285 2414 ἐν
1304 2379 1441 2414 Κυνο-

79 2439 242 2494 σάργεϊ.
310 2438 352 2480 οἱ
395 2438 439 2480 δὲ
476 2439 690 2494 βάρβαροι
733 2441 833 2493 τῇσι
871 2439 994 2492 νηυσὶ
1038 2436 1442 2495 ὑπεραιωρηθέντες

83 2506 279 2562 Φαλήρου
319 2506 462 2558 (τοῦτο
500 2504 579 2560 γὰρ
616 2499 665 2560 ἦν
703 2504 890 2547 ἐπίνειον
927 2505 1024 2547 τότε
1060 2510 1145 2548 τῶν
1170 2503 1438 2562 Ἀθηναίων),

80 2572 189 2628 ὑπὲρ
216 2572 368 2615 τούτου
397 2570 765 2625 ἀνακωχεύσαντες
796 2571 873 2622 τὰς
902 2576 999 2622 νέας
1025 2570 1263 2616 ἀπέπλωον
1295 2571 1439 2618 ὀπίσω

81 2641 124 2692 ἐς
148 2640 222 2697 τὴν
243 2638 393 2695 Ἀσίην.

163 2707 226 2751 Ἔν
273 2708 405 2764 ταύτῃ
453 2712 504 2764 τῇ
550 2707 590 2749 ἐν
632 2711 878 2761 Μαραθῶνι
919 2708 1032 2764 μάχῃ
1083 2706 1311 2753 ἀπέθανον
1357 2715 1441 2753 τῶν
1466 2723 1516 2750 117

78 2776 311 2834 βαρβάρων
347 2775 454 2819 κατὰ
486 2775 796 2828 ἑξακισχιλίους
828 2777 898 2818 καὶ
928 2773 1231 2832 τετρακοσίους
1269 2775 1437 2836 ἄνδρας,
