1747 3293
471 256 791 292 ΗΡΟΔΟΤΟΥ
820 257 867 292 Η.
895 258 1086 293 150-153.
1380 247 1461 289 159

96 328 171 381 τῆς
197 321 327 381 ἀρχῆς
351 325 693 379 Λακεδαιμόνιοι
717 330 967 381 μεταιτέειν,
1001 326 1070 369 ἵνα
1103 325 1177 369 ἐπὶ
1206 325 1461 382 προφάσιος

95 390 272 449 ἡσυχίην
287 389 439 448 ἄγωσι.
479 402 718 447 συμπεσεῖν
733 394 779 436 δὲ
797 394 993 438 τούτοισι
1011 395 1083 437 καὶ
1102 393 1227 437 τόνδε
1245 392 1318 437 τὸν
1331 394 1458 450 λόγον

97 461 271 515 λέγουσί
293 476 405 511 τινες
420 458 637 517 Ἑλλήνιον,
665 463 871 505 πολλοῖσι
896 461 1011 505 ἔτεσι
1035 459 1213 519 ὕστερον
1235 462 1461 519 γενόμενον

96 527 274 570 τούτων.
336 536 476 581 τυχεῖν
515 527 557 571 ἓν
593 528 807 573 Σούσοισι
842 538 958 573 τοῖσι
993 533 1276 585 Μεμνονίοισι
1314 529 1463 580 ἐόντας

98 593 242 651 ἑτέρου
264 595 519 653 πρήγματος
539 595 691 639 εἵνεκεν
711 594 915 652 ἀγγέλους
932 595 1178 654 ΔἈθηναίων,
1205 598 1394 653 Καλλίην
1417 613 1464 640 τε

96 661 170 706 τὸν
187 661 433 706 Ἱππονίκου
459 665 530 706 καὶ
549 662 650 714 τοὺς
668 662 778 718 μετὰ
798 664 954 707 τούτου
976 663 1229 721 ἀναβάντας,
1252 663 1465 722 Άργείους

99 730 145 772 δὲ
176 729 250 774 τὸν
284 729 414 774 αὐτὸν
445 735 598 773 τοῦτον
625 731 779 785 χρόνον
809 735 1073 786 πέμψαντας
1108 735 1179 775 καὶ
1210 733 1391 784 τούτους
1423 749 1465 783 ες

98 801 245 841 Σοῦσα
276 796 480 854 ἀγγέλους
512 797 694 855 εἰρωτᾶν
715 795 986 855 Αρτοξέρξην
1017 799 1090 842 τὸν
1114 801 1281 856 Ξέρξεω
1314 800 1357 842 εί
1384 816 1466 857 σφι

100 864 163 908 ε’τι
202 864 373 919 έμιιένει
408 863 483 921 τὴν
520 863 631 920 πρὸς
661 864 822 921 Ξέρξην
859 867 1007 922 φιλίην
1046 866 1400 921 συνεκεράσαντο,
1442 864 1466 922 ἢ

98 932 349 986 νοιιιζοίατο
374 931 486 989 πρὸς
512 930 646 975 αὐτοῦ
674 930 783 975 εἶναι
808 934 1033 987 πολέμιοι·
1059 935 1242 988 βασιλέα
1263 933 1309 976 δὲ
1323 931 1466 989 Αρτο-

101 1001 247 1056 ξέρξην
277 1000 469 1054 μάλιστα
509 999 702 1054 ἐμμένειν
739 1000 893 1057 φάναι,
932 1002 1004 1043 καὶ
1041 999 1245 1055 οὐδεμίαν
1280 1001 1466 1055 νομίζειν

100 1067 230 1110 πόλιν
258 1064 426 1124 Ἄργεος
457 1069 730 1125 φιλιωτέρην.
793 1067 830 1110 εἰ
864 1071 941 1122 μέν
978 1086 1048 1111 νυν
1079 1070 1239 1125 Ξέρξης
1274 1085 1320 1111 τε
1357 1066 1465 1111 ἀπέ-

99 1143 252 1191 πεμψε
277 1139 414 1178 ταῦτα
440 1137 617 1191 λέγοντα
647 1136 807 1191 κη’ρυκα
838 1135 881 1187 ἒς
900 1134 1044 1192 Ἄργος
1074 1138 1145 1179 καὶ
1165 1135 1360 1193 Ἀργείων
1392 1134 1468 1192 &iy-

98 1205 217 1258 γελοι
255 1200 491 1257 ἀναβάντες
529 1202 571 1254 ές
602 1207 750 1246 Σοῦσα
782 1202 1041 1260 ἐπειρώτεον
1067 1201 1335 1261 Ἀρτοξέρξην
1365 1206 1469 1260 περὶ

100 1272 266 1326 φιλίης,
301 1268 377 1313 οῧκ
404 1270 483 1324 ἔχω
512 1268 724 1326 ἀτρεκέως
749 1269 891 1323 εἶπαι,
926 1270 1028 1315 οὗδέ
1051 1289 1148 1314 τινα
1171 1273 1341 1328 γνώμην
1366 1274 1469 1327 περὶ

100 1335 241 1381 αῧτιῦν
279 1336 587 1394 ἀποφαίνομαι
626 1337 755 1395 ἄλλην
791 1356 837 1394 γε
874 1337 901 1395 ἢ
935 1339 1096 1396 τήνπερ
1136 1337 1262 1382 αὖτοὶ
1286 1338 1469 1395 Ἀργεῖοι

102 1407 290 1461 λέγουσι.
332 1405 572 1460 ἐπίσταμαι
599 1406 645 1448 δὲ
670 1411 855 1449 τοσοῦτο
883 1403 963 1459 ὅτι,
992 1407 1030 1450 εἰ
1055 1407 1215 1458 πάντες
1235 1404 1470 1463 ἅνθρωποι

99 1472 155 1516 τὰ
182 1473 325 1530 οἰκήια
349 1472 458 1516 κακὰ
485 1472 528 1524 ές
552 1478 683 1527 μέσον
711 1478 990 1517 συνενείκαιεν
1017 1472 1296 1527 ἀλλάξασθαι
1313 1475 1471 1529 βουλό-

99 1557 222 1596 μενοι
252 1549 372 1584 τοῖσι
403 1543 650 1597 πλησίοισι,
692 1540 954 1597 ἐγκύψαντες
986 1540 1036 1585 ἂν
1068 1541 1110 1594 ἒς
1139 1541 1194 1586 τὰ
1218 1547 1303 1585 τιῦν
1334 1544 1471 1594 πέλας

96 1607 206 1651 κακὰ
244 1607 476 1660 ἀσπασίως
515 1607 688 1652 ἕκαστοι
720 1607 860 1652 αὖτιῦν
898 1608 1204 1667 ἀποφεροίατο
1238 1609 1383 1654 ὀπίσω
1416 1610 1470 1653 τὰ

109 1676 393 1733 ἐσηνείκαντο.
432 1673 543 1719 οὕτω
568 1675 617 1732 δὴ
645 1674 720 1719 οὐκ
734 1674 962 1733 ,Ἀργείοισι
988 1678 1191 1731 αἴσχιστα
1216 1682 1470 1734 πεποίηται.

106 1743 188 1800 ἐγώ
217 1744 262 1786 δὲ
290 1741 453 1801 ὀφείλω
480 1743 616 1800 λέγειν
640 1742 694 1786 τὰ
720 1745 945 1799 λεγόμενα,
973 1749 1225 1788 πείθεσθαί
1247 1763 1294 1801 γε
1318 1746 1394 1800 μὲν
1421 1744 1470 1788 οὗ

105 1811 363 1855 παντάπασι
386 1809 562 1868 ὀφείλω,
586 1815 659 1853 καί
675 1828 750 1865 μοι
772 1816 900 1854 τοῦτο
920 1810 969 1855 τὸ
991 1812 1096 1862 ἔπος
1117 1812 1245 1866 ἐχέτω
1268 1812 1310 1863 ἐς
1329 1813 1473 1855 πάντα

101 1878 178 1922 τὸν
204 1879 352 1935 λόγον·
381 1878 477 1922 ἐπεὶ
502 1881 572 1921 καὶ
598 1883 734 1922 ταῦτα
759 1881 939 1935 λέγεται,
969 1877 1028 1930 ὦς
1054 1878 1138 1936 ἄρα
1160 1878 1341 1936 Ἀργεῖοι
1365 1874 1472 1936 ἦσαν

105 1947 148 1990 οἱ
180 1946 544 2000 ἐπικαλεσάμενοι
574 1946 647 1990 τὸν
673 1950 840 2003 Πέρσην
874 1947 948 1990 ἐπὶ
978 1947 1052 2004 τὴν
1080 1946 1279 1999 Ἑλλάδα,
1320 1947 1471 2002 ἐπειδη

106 2031 187 2072 σφι
219 2013 331 2070 πρὸς
361 2014 462 2066 τοὺς
493 2015 866 2069 Λακεδαιμονίους
897 2020 1037 2066 κακῶς
1068 2014 1090 2071 ἡ
1125 2014 1253 2072 αἰχμὴ
1287 2015 1470 2071 ἑστήκεε,

105 2087 196 2126 πᾶν
223 2082 273 2138 δὴ
299 2083 561 2138 βουλόμενοί
587 2099 667 2140 σφι
694 2081 803 2126 εἶναι
828 2082 915 2140 πρὸ
942 2088 1016 2140 τῆς
1041 2084 1290 2141 παρεούσης
1321 2083 1473 2139 λύπης.

196 2149 255 2193 Τὰ
276 2151 353 2205 μὲν
373 2152 475 2207 περὶ
491 2148 686 2207 Ἀργείων
707 2151 885 2208 εἴρηται,
915 2150 957 2202 ἒς
977 2152 1022 2194 δὲ
1041 2150 1114 2208 τὴν
1133 2153 1328 2208 Σικελίην
1349 2149 1472 2193 ι’ἑλλοι

110 2235 157 2261 τε
201 2216 389 2262 ἀπίκατο
435 2216 608 2275 ἄγγελοι
650 2217 738 2262 ἀπὸ
783 2223 868 2261 τιῦν
917 2220 1151 2274 συμμάχων
1195 2220 1475 2274 σιμμίξοντες

109 2287 290 2338 Ιέλωνι,
330 2303 401 2329 και
439 2286 488 2343 δὴ
525 2289 594 2329 καὶ
633 2284 723 2330 ἀπὸ
761 2291 846 2330 τιῦν
881 2288 1236 2342 Λακεδαιμονίων
1267 2287 1473 2343 Σίαγρος.

111 2358 189 2396 τοῦ
218 2354 262 2397 δὲ
288 2356 480 2405 Γέλωτος
504 2355 658 2398 τούτου
685 2354 916 2411 πρόγονος,
946 2355 1129 2411 οἰκήτωρ
1156 2374 1179 2397 0
1207 2354 1248 2397 έν
1272 2356 1399 2409 Ιέλη,
1427 2355 1476 2409 ἠν

115 2421 158 2463 ἐκ
183 2440 229 2477 νη
237 2437 313 2464 σου
340 2422 474 2478 Τηλου
501 2426 576 2478 τῆς
603 2421 675 2465 ἐπὶ
701 2426 892 2477 Τριοπίω
919 2426 1131 2478 κειμένης·
1157 2422 1206 2473 ὃς
1230 2421 1476 2475 κτιζομένης

113 2489 248 2545 Γέλης
274 2486 362 2532 ὑπὸ
388 2490 576 2532 Λινδίων
600 2506 645 2532 τε
670 2494 756 2532 τιῦν
782 2488 825 2531 ἐκ
847 2487 989 2532 Ῥόδου
1021 2492 1091 2531 καὶ
1112 2487 1368 2545 Ἀντιφήμου
1402 2485 1476 2530 οὗκ

116 2556 315 2613 ἐλείφθη.
378 2553 457 2598 ἀνὰ
491 2555 642 2611 χρόνον
680 2557 726 2599 δὲ
762 2554 910 2599 αὐτοῦ,
932 2556 973 2598 οἱ
1010 2555 1220 2612 ἀπόγονοι
1256 2555 1477 2612 γενόμενοι

119 2624 352 2680 ἱροφάνται
382 2627 466 2666 τιῦν
488 2628 680 2676 χθονίων
707 2628 824 2666 θεῶν
856 2624 1064 2667 διετέλεον
1097 2623 1254 2676 ἐόντες,
1292 2625 1475 2680 Τηλίνεω

118 2691 212 2742 ἑνός
242 2708 313 2735 τευ
344 2695 429 2734 τιῦν
461 2691 684 2747 προγόνων
716 2695 979 2748 κτησαμένου
1016 2691 1167 2748 τρόπῳ
1204 2691 1374 2748 τοιῷδε.
1435 2689 1477 2740 ἒς

117 2759 373 2816 Μακτώριον
393 2759 521 2802 πόλιν
540 2758 613 2816 τὴν
634 2757 742 2817 ὑπὲρ
762 2761 889 2816 Γέλης
910 2759 1131 2816 οἰκημένην
1151 2759 1307 2816 ἔφυγον
1328 2755 1478 2816 ἄνδρες

1484 405 1532 432 151

1491 1080 1542 1107 152

1500 2162 1548 2188 153
