1747 3293
5 1075 8 1086 -
4 1050 9 1060 „
0 890 9 1046 *Αἱ-ἥρ
1 771 9 885 :qt-wa».

3 1266 9 1282 ff
0 1127 9 1259 2—-3324-20—
0 1101 8 1121 z.

0 1729 9 1919 va———oe-
3 1631 9 1708 -..τ

478 256 793 292 ΗΡΟΔΟΤΟΥ
824 255 869 290 Η.
895 256 1041 291 40—43.
1366 245 1448 286 1:23

84 329 238 370 τούτου
267 325 313 368 δὲ
340 322 508 368 ὄπισθε
540 323 670 376 αὐτὸς
694 326 853 382 Ξέρξης
885 322 950 368 ἐπ’
968 322 1161 382 ἅρματος
1191 324 1343 368 ἵππων
1368 329 1449 366 Νι-

86 397 240 438 σαίων·
277 393 577 450 παραβεβήκεε
609 393 657 436 δέ
687 393 729 436 οἱ
758 391 928 450 ἡνίοχος
957 396 1019 449 τῷ
1046 390 1208 447 οὕνομα
1238 385 1286 448 ἧν
1311 399 1448 435 Πατι-

85 462 271 519 ράμφης,
295 458 469 504 Ὀτάνεω
497 469 604 512 παῖς
630 458 785 517 ἀνδρὸς
802 463 993 517 Πέρσεω.
1033 459 1212 517 ἐξήλασε
1235 461 1312 515 μὲν
1333 456 1445 503 οὕτω

85 529 129 572 ἑκ
158 529 356 586 Σαρδίων
386 530 561 585 Ξέρξης,
600 532 923 583 μετεκβαίνεσκε
960 529 1024 581 δέ,
1064 525 1175 579 ὅκως
1211 545 1284 583 μιν
1321 527 1448 583 λόγος

85 596 235 652 αἱρέοι,
266 596 310 639 ἐκ
333 601 410 640 τοῦ
438 593 630 651 ἅρματος
656 595 698 647 ἐς
724 594 994 652 ἁρμάμαξαν.
1055 594 1186 639 αὐτοῦ
1213 596 1259 639 δὲ
1280 593 1449 639 ὄπισθε

85 664 351 721 αἰχμοφόροι
364 667 564 722 Περσέων
579 664 621 707 οἱ
634 663 807 718 ἄριστοί
824 680 869 706 τε
883 665 954 706 καὶ
972 664 1280 719 γενναιότατοι,
1299 666 1446 717 χίλιοι,

84 731 193 775 κατὰ
219 733 349 786 νόμον
373 731 450 783 τὰς
475 732 631 787 λόγχας
650 731 826 784 ἔχοντες,
852 729 962 785 μετὰ
984 731 1030 774 δὲ
1047 731 1189 782 ἵππος
1209 729 1314 786 ἄλλη
1331 732 1446 786 χιλίη

85 799 130 843 ἐκ
149 803 349 857 Περσέων
375 797 704 854 ἀπολελεγμένη,
731 797 842 852 μετὰ
868 798 914 840 δὲ
938 796 1011 854 τὴν
1031 798 1170 841 ἵππον
1191 798 1235 841 ἐκ
1253 802 1338 841 τῶν
1358 801 1450 841 λοι-

85 872 181 912 πῶν
202 871 400 924 Περσέων
420 857 756 922 ἀπολελεγμένοι
779 865 943 921 μύριοι.
983 859 1109 916 οὗτος
1133 864 1264 917 πεζὸς
1284 859 1352 921 ἧν·
1378 867 1451 907 καὶ

85 935 250 978 τούτων
271 937 406 988 χίλιοι
430 934 506 987 μὲν
533 933 607 976 ἐπὶ
631 941 749 976 τοῖσι
775 932 958 990 δούρασι
989 931 1084 975 ἀντὶ
1113 937 1199 975 τιῦν
1225 932 1450 989 σαυρωτή-

86 1020 170 1060 ρων
190 1000 312 1059 ῥοιὰς
332 999 444 1054 εἶχον
461 1004 645 1057 χρυσέας
665 1003 735 1044 καὶ
756 1002 886 1057 πέριξ
898 1000 1145 1057 συνεκλήιον
1163 999 1264 1051 τοὺς
1279 997 1448 1051 ἄλλους,

87 1069 129 1114 οἱ
161 1070 207 1112 δὲ
238 1069 537 1122 εἰνακισχίλιοι
568 1068 686 1120 ἐντὸς
715 1068 880 1112 τούτων
912 1068 1054 1120 ἐόντες
1086 1066 1296 1125 ἀργυρέας
1326 1067 1451 1126 ῥοιὰς

88 1135 212 1192 εἶχον.
251 1134 362 1190 εἶχον
389 1137 435 1180 δὲ
456 1141 641 1193 χρυσέας
666 1135 790 1194 ῥοιὰς
813 1137 884 1179 καὶ
905 1136 947 1179 οἱ
966 1136 1008 1187 ές
1027 1135 1100 1192 τὴν
1118 1141 1194 1192 γῆν
1212 1136 1452 1193 τράποντες

86 1205 163 1257 τὰς
188 1204 354 1260 λόγχας,
383 1206 453 1247 καὶ
479 1206 595 1261 μῆλα
621 1204 663 1247 οἱ
689 1201 870 1260 ἄγχιστα
895 1203 1102 1259 ἑπόμενοι
1127 1204 1277 1262 Ξέρξῃ.
1334 1212 1453 1247 τοῖσι

89 1274 134 1316 δὲ
158 1276 355 1329 μυρίοισι
381 1271 637 1315 ἐπετέτακτο
670 1271 810 1323 ἵππος
835 1276 1036 1328 Περσέων
1064 1276 1210 1330 μυρίη.
1270 1270 1380 1326 μετὰ
1407 1272 1452 1314 δὲ

86 1340 161 1397 τὴν
186 1341 326 1384 ἵππον
353 1339 620 1383 διελέλειπτο
653 1341 724 1382 καὶ
757 1340 832 1383 δύο
865 1340 1086 1391 σταδίους,
1126 1341 1197 1383 καὶ
1229 1338 1396 1382 ἐ’πειτεν
1429 1335 1451 1380 ὃ

88 1407 245 1458 λοιπὸς
271 1405 422 1461 ὅμιλος
448 1405 513 1463 ἤιε
539 1405 707 1461 ἀναμίξ.

168 1474 386 1519 Ἑποιέετο
420 1476 465 1517 δὲ
496 1474 568 1531 τὴν
600 1473 701 1518 ὁδὸν
733 1475 777 1518 ἐκ
806 1480 881 1532 τῆς
911 1477 1075 1533 Λυδίης
1107 1474 1129 1519 ὁ
1163 1472 1346 1531 στρατὸς
1378 1472 1454 1516 ἐπί

86 1561 133 1587 τε
159 1542 359 1598 ποταμὸν
384 1543 544 1585 Κάικον
569 1545 642 1586 καὶ
670 1548 745 1599 γῆν
776 1543 851 1599 τὴν
876 1547 1056 1598 Μυσίην,
1091 1541 1180 1586 ἀπὸ
1214 1543 1259 1585 δὲ
1284 1544 1447 1585 Καΐκου

89 1610 362 1668 ὃρμεόμενος,
391 1611 533 1666 Κάνης
554 1605 680 1667 οὖρος
701 1611 804 1664 ἔχων
825 1611 867 1654 ἒν
883 1609 1098 1668 ἀριστερῇ,
1128 1609 1201 1654 διὰ
1220 1614 1296 1653 τοῦ
1306 1608 1454 1666 Ἀταρ-

88 1683 182 1731 νέος
209 1679 251 1730 ἒς
270 1679 467 1736 Καρήνην
492 1678 636 1722 πόλιν.
681 1677 771 1721 ἀπὸ
799 1679 845 1722 δὲ
865 1680 1023 1735 ταύτης
1043 1678 1117 1722 διὰ
1138 1679 1276 1735 Θήβης
1296 1678 1451 1721 πεδίου

90 1747 341 1804 ἐπορεύετο,
382 1744 705 1802 Άτραμύττειόν
742 1763 788 1790 τε
829 1747 959 1790 πόλιν
995 1748 1066 1788 καὶ
1098 1744 1344 1802 Ξ-Ἰντανδρον
1380 1744 1454 1800 τὴν

88 1815 337 1870 Πελασγίδα
367 1815 759 1869 παραμειβόμενος.
808 1812 1009 1870 τηνἼδην
1042 1814 1087 1856 δὲ
1118 1813 1260 1867 λαβὼν
1287 1813 1330 1864 ἒς
1361 1810 1456 1869 ἀρι-

91 1881 242 1940 στερὴν
259 1890 383 1938 χεῖρα
403 1879 468 1937 ἤιε
489 1880 531 1931 ές
550 1880 624 1936 τὴν
641 1879 802 1924 Ἰλιάδα
820 1886 909 1938 γῆν.
946 1883 1017 1924 καὶ
1038 1885 1192 1938 πρῶτα
1210 1884 1286 1935 μέν
1307 1880 1348 1923 οἳ
1368 1878 1453 1922 ὑπὸ

89 1955 139 2007 τῇ
151 1949 236 2006 Ἴδῃ
257 1950 387 1993 νύκτα
408 1946 683 2003 ἀναμείναντι
701 1954 882 2006 βρονταί
899 1966 946 1993 τε
966 1951 1037 1992 καὶ
1062 1953 1306 2006 πρηστῆρες
1327 1947 1458 1991 ἐπεσ-

89 2022 324 2070 πίπτουσι,
357 2021 430 2060 καί
453 2034 549 2060 τινα
576 2015 709 2060 αὐτοῦ
738 2017 871 2074 ταύτῃ
900 2016 1050 2071 συχνὸν
1077 2014 1227 2071 ὅμιλον
1255 2015 1458 2073 διέφθει-

90 2103 180 2140 ραν.
230 2084 494 2139 ἀπικομένου
523 2085 569 2128 δὲ
592 2089 668 2128 τοῦ
697 2090 882 2140 στρατοῦ
904 2085 977 2128 ἐπὶ
998 2085 1070 2128 τὸν
1089 2085 1382 2141 Σκάμανδρον,
1410 2080 1458 2133 ὅς
1501 2096 1514 2119 3

90 2157 265 2210 πρῶτος
290 2157 518 2207 ποταμῶν,
559 2152 702 2196 ἐπείτε
740 2153 784 2196 ἐκ
814 2154 1013 2210 Σαρδίων
1051 2152 1317 2210 ὁρμηθέντες
1354 2151 1456 2194 έπε-

88 2224 290 2277 χείρησαν
319 2225 370 2278 τῇ
403 2219 510 2277 ὁδῷ,
550 2220 732 2264 ἐπέλιπε
763 2220 811 2264 τὸ
839 2222 1021 2279 ῥέεθρον
1048 2220 1141 2265 οὐδ’
1160 2219 1377 2278 ἀπέχρησε
1406 2224 1458 2275 τῇ

92 2293 269 2345 στρατιῇ
300 2305 347 2332 τε
377 2291 446 2331 καὶ
480 2297 608 2340 τοῖσα
626 2290 796 2344 κτήνεσι
829 2290 1079 2344 πινόμενος,
1119 2289 1193 2333 ἐπὶ
1224 2293 1376 2332 τοῦτον
1409 2287 1458 2343 δὴ

90 2355 164 2400 τὸν
201 2355 398 2410 ποταμὸν
437 2354 496 2407 ὥς
527 2355 707 2399 ἀπίκετο
739 2359 916 2414 Ξέρξης,
956 2357 998 2408 ἐς
1032 2356 1077 2400 τὸ
1111 2358 1311 2414 Πριάμου
1349 2359 1461 2411 Πέρ-

93 2439 230 2479 γαμον
268 2422 396 2478 ἀνέβη
433 2424 582 2478 ἵμερον
620 2424 725 2477 ἔχων
756 2425 1036 2481 θηήσασθαι.
1098 2425 1377 2480 θηησάμενος
1414 2424 1461 2466 δὲ

93 2493 166 2534 καὶ
203 2491 457 2544 πυθόμενος
495 2490 662 2534 ἐκείνων
699 2491 858 2534 ἕκαστα
893 2496 943 2547 τῇ
977 2490 1181 2548 Ἀθηναίῃ
1225 2496 1276 2548 τῇ
1310 2490 1459 2535 Ἰλιάδι

93 2559 227 2602 ἔθυσε
251 2563 355 2613 βοῦς
377 2560 530 2611 χιλίας,
556 2558 661 2611 χοὰς
682 2559 727 2602 δὲ
750 2559 791 2601 οἱ
809 2554 954 2614 Μάγοι
973 2568 1090 2602 τοῖσι
1116 2557 1254 2615 ἥρωσι
1274 2558 1458 2612 ἐχέαντο.

91 2631 229 2670 ταῦτα
256 2627 302 2669 δὲ
327 2629 663 2682 ποιησαμένοισι
688 2626 836 2678 νυκτὸς
861 2627 1001 2683 φόβος
1027 2626 1069 2677 ἐς
1094 2626 1142 2669 τὸ
1164 2627 1460 2682 στρατόπεδον

94 2693 281 2737 ἐνέπεσε.
343 2691 433 2748 ἅμα
458 2691 590 2751 ἡμέρῃ
618 2695 663 2736 δὲ
690 2694 920 2751 ἐπορεύετο
947 2694 1156 2746 ἐνθεῦτεν,
1191 2694 1232 2737 ἓν
1259 2693 1461 2752 ἀριστερῇ

94 2762 168 2817 μὲν
195 2759 395 2819 ἀπέργων
410 2759 606 2806 Ῥοίτειον
632 2762 760 2806 πόλιν
780 2764 850 2806 καὶ
867 2760 1106 2819 Ὀφρύνειον
1127 2764 1197 2806 καὶ
1221 2764 1457 2819 Δάρδανον,

1470 471 1502 496 41

1477 1486 1509 1510 42
