1747 3293
168 467 215 492 120

173 1211 223 1237 121

186 2295 233 2320 122

239 241 321 283 146
624 245 937 282 ΗΡΟΔΟΤΟΥ
965 246 1012 280 Η.
1039 245 1229 280 119-122,

240 317 453 398 ἆγάγοιεν,
487 321 538 374 τῇ
572 314 775 372 ὖστεραίῃ
807 315 883 371 τήν
912 332 958 358 τε
990 313 1142 371 σκηνὴν
1174 312 1502 365 ἀνασπάσαντες
1532 315 1604 356 καὶ

238 386 292 430 τὰ
314 385 480 429 επιπλα
499 384 643 427 πάντα
663 383 868 437 λαβόντες
890 379 1002 425 οὕτω
1024 380 1355 433 ἀπελαύνεσκον,
1383 383 1605 433 λείποντες

242 452 364 496 οὐδὲν
403 449 513 494 ἀλλὰ
538 451 797 533 φερόμῗςενοι
865 449 975 493 ἐ’νθα
1013 449 1062 506 δὴ
1094 454 1413 506 Μεγακρέοντος
1450 447 1604 507 ἀνδρὸς

233 519 488 577 Αβδηρίτεω
522 518 628 569 έπος
659 519 703 561 εὐ
737 517 956 574 εἰρημένον
990 517 1171 573 εγένετο,
1213 516 1260 568 ὃς
1298 517 1606 572 συνεβούλευσε

234 586 507 644 Αβδηρίτῃσι
531 586 767 642 πανδημεί,
796 602 953 637 αυτους
977 587 1049 628 καὶ
1073 593 1293 641 γυναῖκας,
1328 583 1581 635 ελθόντας’
1564 601 1607 635 ες

240 655 293 698 τὰ
320 658 510 712 σφέτερα
537 653 607 712 ἱρὰ
632 653 810 706 ἵζεσθαι
837 653 977 705 ἱκέτας
996 657 1080 696 τῶν
1098 657 1218 696 θεῶν
1237 655 1608 708 παραιτεομένους

242 725 313 766 καὶ
348 721 398 766 τὸ
435 722 591 765 λοιπόν
630 737 712 779 σφι
748 719 989 776 ἀπαμύνειν
1026 725 1110 764 τιῦν
1144 720 1355 764 ἐπιόντων
1384 723 1524 762 κακῶν
1553 717 1609 761 τὰ

241 789 419 847 ἡμίσεα,
458 794 544 833 τῶν
574 806 620 833 τε
651 793 979 847 παροιχομένων
1011 789 1119 842 ἔχειν
1146 804 1227 846 σφι
1259 788 1446 844 μεγάλην
1469 787 1607 843 χάριν,

245 856 313 902 ὅτι
336 856 540 913 βασιλεὺς
560 859 719 914 Ξέρξης
746 855 794 900 οὗ
823 858 888 908 δὶς
914 856 1094 914 ἑκάστης
1118 854 1278 913 ἧμέρης
1298 854 1471 910 ἐνόμισε
1492 862 1611 897 σῖτον

246 927 498 983 αἱρέεσθαι·
536 929 738 982 παρέχειν
763 923 843 983 γὰρ
871 923 922 968 ἂν
942 923 1232 982 «Ἀβδηρίτῃσι,
1274 923 1312 966 εἰ
1335 925 1408 966 καὶ
1435 920 1611 979 ἄριστον

245 1000 480 1052 προείρητο
515 991 647 1048 ὁμοῖα
676 998 736 1049 τῴ
770 994 931 1049 δείπνῳ
964 992 1320 1047 παρασκευάζειν,
1360 989 1386 1047 ἢ
1417 989 1474 1046 μὴ
1500 987 1613 1032 ὕπο-

246 1062 387 1117 μένειν
412 1061 572 1119 Ξέρξην
599 1061 780 1104 ἐπιόντα
811 1058 837 1116 ἢ
861 1064 1200 1116 καταμείναντας
1224 1059 1406 1103 κάκιστα
1437 1058 1613 1101 πάντων

249 1129 498 1187 ἀνθρώπων
527 1130 812 1185 διατριβῆναι.

338 1197 385 1241 Οἱ
409 1197 484 1251 μὲν
512 1196 560 1253 δη-
588 1197 838 1250 πιεζόμενοι
863 1194 982 1251 ὅμως
1013 1195 1061 1239 τὸ
1090 1195 1433 1250 ἐπιτασσόμενον
1467 1192 1615 1237 ἐπετέ-

248 1267 354 1317 λεον,
382 1267 542 1342 Ξέρξης
563 1265 609 1307 δὲ
630 1263 673 1306 ἐκ
692 1268 766 1320 τῆς
781 1263 1003 1315 Ῐ-Ικάνθου,
1033 1263 1327 1317 ἐντειλάμενος
1346 1271 1464 1306 τοῖσι
1486 1277 1615 1317 στρα-

248 1341 419 1387 τηγοῑσι
444 1331 517 1374 τὸν
542 1330 741 1374 wwtnbv
768 1330 952 1387 στρατὸν
978 1329 1208 1384 ὖποιιένειν
1230 1330 1271 1373 ἐν
1294 1328 1446 1386 Θέρμῃ,
1476 1326 1615 1385 ἀπῆκε

251 1397 324 1442 ἀπ’
343 1398 505 1442 ἑωιτοῦ
532 1399 806 1453 πορευεσθαι
831 1399 908 1450 τὰς
934 1402 1041 1450 νέας,
1072 1402 1210 1480 Θέρμῃ
1233 1398 1279 1441 δὲ
1297 1402 1348 1455 τῇ
1371 1414 1412 1440 εν
1431 1401 1491 1439 τιῦ
1514 1402 1616 1474 Θερ-

248 1471 364 1523 μαίω
397 1467 546 1522 κόλπω
581 1465 797 1546 οἰκημένῃ,
838 1463 912 1509 απ3
934 1468 985 1523 ἡς
1014 1468 1086 1509 καὶ
1124 1464 1145 1509 ὁ
1183 1466 1346 1516 κόλπος
1379 1458 1504 1516 οἶτος
1540 1463 1616 1520 τὴν

251 1535 497 1590 επωνυμίην
535 1534 638 1588 ε’χει·
681 1550 816 1591 ταυτῃ
853 1532 933 1591 γὰρ
972 1533 1243 1577 επυνθάνετο
1287 1533 1616 1588 συντομώτατον

252 1601 374 1646 εἶναι.
413 1606 537 1658 μέχρι
561 1603 637 1657 μὲν
661 1601 743 1658 γὰρ
760 1599 970 1645 ᾍκάνθου
999 1595 1083 1645 ὦδε
1108 1604 1362 1658 τεταγμένος
1389 1599 1411 1645 ὃ
1434 1598 1617 1657 στρατὸς

253 1671 295 1715 ἐκ
321 1674 534 1729 Δορίσκου
567 1669 641 1726 τὴν
673 1668 775 1713 ὁδὸν
808 1669 1020 1713 ἐποιέετο.
1080 1679 1196 1727 τρεῖς
1220 1673 1377 1725 μοίρας
1409 1667 1431 1713 ὁ
1457 1669 1617 1725 Ξέρξης

254 1739 496 1793 δασάμενος
526 1739 672 1782 πάντα
702 1737 776 1781 τὸν
806 1738 956 1790 πεζόν,
996 1742 1098 1792 μίαν
1136 1735 1299 1780 αὐτέων
1337 1737 1459 1789 ἔταξε
1496 1734 1618 1793 παρὰ

253 1808 486 1850 θάλασσαν
514 1805 623 1849 ἰέναι
649 1803 759 1860 ὁμοῦ
784 1810 845 1862 τῷ
872 1810 1077 1863 ναυτικῷ·
1103 1806 1262 1862 ταύτης
1286 1805 1362 1860 μὲν
1389 1804 1439 1862 δὴ
1466 1804 1619 1860 ἐστρα-

254 1875 400 1931 τήγεον
427 1874 675 1932 Μαρδόνιός
705 1891 751 1917 τε
776 1877 847 1917 καὶ
872 1878 1116 1931 Μασίστης,
1157 1873 1276 1931 ἑτέρη
1310 1873 1357 1916 δὲ
1386 1875 1618 1929 τεταγμένη

256 1940 323 1998 ἤιε
354 1946 430 1985 τοῦ
464 1946 648 1998 στρατοῦ
680 1944 930 1998 τριτημορὶς
962 1940 1035 1998 την
1065 1942 1317 1998 μεσόγαιαν,
1356 1945 1431 1998 τῆς
1469 1940 1622 1998 ἐστρα-

255 2010 403 2066 τήγεον
429 2014 766 2066 Τριτανταίχμης
790 2027 835 2052 τε
861 2011 929 2052 καὶ
951 2013 1114 2065 Γέργις.
1154 2007 1175 2065 ἡ
1205 2010 1248 2052 δὲ
1275 2014 1394 2066 τρίτη
1420 2013 1505 2052 τῶν
1524 2025 1623 2064 μοι-

257 2082 377 2134 ρέων,
404 2075 494 2132 μετ’
512 2071 562 2134 ἧς
588 2077 821 2133 ἐπορεύετο
843 2076 974 2129 αῧτὸς
994 2076 1016 2121 ὁ
1039 2079 1210 2134 Ξέρξης,
1238 2076 1306 2133 ἤιε
1325 2077 1401 2131 μὲν
1421 2076 1470 2121 τὸ
1491 2080 1623 2131 μέσον

259 2144 416 2198 αἰτῶν,
463 2145 726 2203 στρατηγοὺς
770 2146 815 2188 δὲ
858 2149 1089 2202 παρείχετο
1126 2144 1428 2203 Σμερδομένεά
1470 2161 1515 2188 τε
1551 2146 1625 2187 καὶ

257 2214 522 2270 Μεγάβυζον.

339 2280 376 2326 ‘0
400 2285 476 2337 μέν
508 2300 579 2325 νυν
610 2281 807 2332 ναυτικὸς
838 2279 1021 2339 στρατὸς
1053 2279 1111 2332 ὡς
1143 2278 1310 2337 ἀπείθη
1343 2279 1431 2325 ὕπὸ
1456 2283 1624 2339 Ξέρξεω

257 2351 328 2393 καὶ
357 2350 620 2402 διεξέπλωσε
650 2348 724 2405 την
758 2350 948 2407 διώρυχα
978 2348 1052 2406 τὴν
1085 2347 1126 2391 ἓν
1157 2353 1218 2405 τῷ
1239 2348 1354 2405 Ἄθῳ
1385 2353 1623 2406 γενομένην,

259 2419 484 2472 διέχουσαν
511 2418 557 2460 δὲ
583 2417 625 2469 ἐς
648 2418 810 2461 κόλπον
837 2418 878 2460 ὲν
903 2421 964 2474 τῷ
979 2415 1107 2461 Ἄσσα
1126 2434 1172 2460 τε
1191 2417 1320 2468 πόλις
1338 2419 1409 2460 καὶ
1428 2419 1626 2474 Πίλωρος

258 2491 327 2529 καὶ
354 2490 508 2542 Σίγγος
532 2488 604 2529 καὶ
628 2486 770 2543 Σάρτη
799 2485 1003 2538 οἰκέαται,
1033 2484 1242 2538 ἐνθεῦτεν,
1279 2483 1337 2536 ὠς
1362 2487 1433 2528 καὶ
1459 2485 1502 2529 ἐκ
1526 2485 1628 2528 τού-

258 2572 343 2598 των
368 2559 452 2598 τιῦν
477 2556 644 2598 πολίων
670 2554 871 2612 στρατιὴν
896 2553 1129 2612 παρέλαβε,
1158 2553 1299 2597 ἕπλωε
1325 2552 1559 2609 ἀπιέμενος
1585 2553 1628 2605 ἒς

260 2621 334 2665 τὸν
368 2629 578 2681 Θερμαῖον
608 2623 783 2676 κόλπον,
822 2623 1032 2678 κάμπτων
1065 2623 1111 2665 δὲ
1136 2620 1343 2677 Ἄμπελον
1373 2621 1448 2678 τὴν
1483 2628 1627 2677 Τορω-

261 2696 381 2748 ναιήν
408 2690 536 2748 ἄκρην
562 2695 860 2749 παραμείβετο
875 2689 1120 2747 Ἑλληνίδας
1143 2690 1277 2733 τάσδε
1301 2691 1444 2743 πόλις,
1473 2689 1517 2732 ἒκ
1540 2694 1627 2732 τῶν

262 2763 359 2810 νέας
395 2776 441 2803 τε
477 2761 549 2803 καὶ
586 2759 788 2817 στρατιὴν
825 2759 1150 2818 παρελάμβανε,
1193 2758 1388 2816 Τορώνην
1419 2756 1627 2814 Γαληψὸν
