1747 3293
206 802 238 827 73

205 1004 237 1028 79

210 2285 244 2310 80

260 242 343 282 218
664 247 974 282 ΗΡΟΔΟΤΟΥ
1005 248 1049 282 Θ.
1076 248 1220 282 77-80.

347 317 482 360 δεινὸν
506 316 780 371 μαιμώοντα,
809 313 989 358 δοκεῦντ’
1008 313 1088 358 ἀνὰ
1112 317 1256 359 πάντα
1280 320 1519 360 πιθέσθαι.

342 384 497 438 χαλκὸς
521 401 600 441 γαρ
624 385 766 439 χαλκῷ
794 385 1068 437 συμμίξεται,
1097 384 1250 437 αἵιιατι
1277 382 1316 426 δ’
1331 381 1449 451 Ἄρης

346 453 506 494 πόντον
532 453 731 508 φοινίξει.
780 448 866 493 τότ’
889 449 1118 506 ἕλετ’θερον
1139 449 1340 501 Ἑλλάδος
1364 468 1476 507 ημαρ

346 516 540 574 εὐρύοπα
565 517 820 575 Κρονίδης’
802 518 956 573 επάγει
980 520 1052 560 καὶ
1077 519 1238 561 πότνια
1262 522 1386 574 Νίκη.

261 586 304 636 ἐς
328 590 510 628 τοιαῦτα
540 587 616 640 μὲν
647 587 718 628 καὶ
745 582 857 628 οἷ’τω
891 585 1098 641 ἐναργέως
1123 588 1288 642 λέγοντι
1311 587 1470 628 Βάκιδι
1502 583 1620 628 άντι-

261 655 406 709 λογίης
426 658 629 710 χρησμῶν
655 657 757 710 πέρι
783 651 880 695 οὔτε
906 651 1035 704 αὐτὸς
1060 655 1194 709 λέγειν
1212 652 1380 707 τολμέω
1402 650 1498 695 οὕτε
1517 651 1617 706 παρ’

263 718 402 763 ἄλλων
429 720 667 775 ἐνδέκομαι.

350 793 441 831 ,Τῶν
462 790 508 832 δὲ
528 788 569 832 ἓν
583 790 795 842 Σαλαμῖνι
818 792 1065 844 στρατηγῶν
1085 787 1243 843 ἐγίνετο
1265 785 1466 841 ὠθισμὸς
1485 786 1621 842 λόγων

262 856 436 906 πολλός.
485 854 642 913 Ιᾔδεσαν
669 857 715 899 δὲ
741 853 866 906 οὔκω,
895 853 963 898 ότι
990 859 1127 912 σφέας
1146 856 1499 911 περιεκυκλοῦντο
1522 858 1624 910 τῆσι

263 925 385 980 7ηυσὶ
413 924 454 966 οἱ
477 924 711 980 βάρβαροι,
746 921 833 965 ἀλλ’
852 920 1001 979 ω’σπερ
1025 927 1100 979 τῆς
1125 920 1283 980 ημέρης
1309 919 1442 978 ω’ρεον
1468 919 1623 972 αὐτοὺς

262 995 556 1046 τεταγμέιοτς,
586 990 755 1034 ἐδόκεον
780 990 888 1033 κατὰ
911 992 1052 1046 χώρην
1078 988 1200 1033 εἶναι.
1238 989 1556 1046 συνεστηκότων
1577 990 1623 1031 δὲ

262 1063 348 1101 τῶν
375 1063 621 1115 στρατηγῶν
642 1058 687 1111 ἐξ
702 1059 879 1114 Αἰγίνης
900 1060 1018 1114 διέβη
1030 1055 1328 1114 ἶίριστείδηςκ
1309 1075 1330 1100 ο
1351 1059 1619 1111 Λυσιμάχου,

265 1125 368 1182 ἀνὴρ
389 1125 618 1182 Ἀθηναῖος
641 1130 730 1180 μέν,
764 1126 1156 1180 ἐξωστρακισμένος
1182 1126 1227 1168 δὲ
1251 1124 1340 1168 ὑπὸ
1365 1129 1441 1167 τοῦ
1469 1125 1619 1180 δήμου,

261 1193 336 1236 τὸν
362 1193 443 1249 έγιὺ
469 1194 681 1247 νενόμικα,
709 1194 1040 1246 πυνθανόμενος
1067 1192 1196 1235 αὐτοῦ
1224 1192 1297 1235 τὸν
1322 1193 1499 1248 τρόπον,
1528 1188 1623 1245 ἄρι-

265 1277 365 1304 στον
391 1259 526 1315 ἄνδρα
549 1264 757 1316 γενέσθαι
783 1260 824 1303 έν
845 1259 1050 1316 Ξίθηνῃσι
1075 1263 1145 1302 καὶ
1172 1260 1458 1302 δικαιότατον.
1497 1252 1624 1309 οὗτος

265 1326 377 1384 ῶνηρ
400 1327 505 1379 στὰς
525 1327 599 1370 ἐπὶ
616 1327 666 1371 τὸ
689 1329 907 1383 συνέδριον
923 1327 1162 1379 ἐξεκαλέετο
1180 1328 1477 1380 Θεμιστοκλέα,
1500 1325 1624 1369 ἐόντα

263 1396 338 1449 μὲν
365 1394 511 1451 ἑωυτῷ
532 1393 579 1438 οὗ
601 1397 739 1451 φίλον,
769 1394 926 1452 ἐχθρὸν
947 1395 991 1437 δὲ
1010 1394 1063 1436 τὰ
1081 1396 1290 1447 μάλιστα·
1316 1392 1404 1437 ὑπὸ
1427 1395 1473 1437 δὲ
1491 1393 1625 1449 μεγά-

265 1469 372 1513 θεος
401 1467 487 1506 τῶν
523 1463 773 1519 παρεόντων
809 1467 948 1505 κακῶν
984 1462 1124 1518 λήθην
1162 1461 1329 1504 ἐκείνων
1365 1462 1624 1515 ποιεύμενος

267 1531 527 1583 ἐξεκαλέετο,
557 1530 721 1573 ἐθέλων
748 1528 864 1586 αὐτῷ
892 1532 1114 1584 συμμῖξαι.
1169 1530 1436 1585 προακηκόεε
1463 1528 1526 1580 δέ,
1555 1526 1624 1571 ὅτι

266 1599 497 1641 σπεύδοιεν
530 1598 571 1640 οἱ
603 1596 692 1641 άπὸ
718 1598 1050 1654 Πελοποννήσου
1084 1595 1253 1653 ἀνάγειν
1284 1597 1361 1648 τὰς
1390 1600 1488 1647 νέας
1512 1595 1624 1651 πρὸς

267 1665 338 1708 τὸν
360 1665 549 1720 Ἰσθμόν.
600 1664 660 1716 ῶς
691 1667 737 1708 δὲ
768 1664 926 1722 ἐξῆλθέ
951 1665 992 1707 οἱ
1019 1667 1345 1720 Θεμιστοκλέης,
1381 1665 1496 1719 ἔλεγε
1516 1661 1624 1718 Ἄρι-

266 1735 436 1789 στείδης
460 1734 583 1776 τάδε·
608 1731 742 1789 ἡμέας
768 1733 1015 1785 στασιάζειν
1031 1733 1167 1788 χρεών
1190 1732 1280 1776 ἔστι
1302 1732 1342 1775 ἕν
1361 1748 1407 1774 τε
1425 1735 1486 1787 τῷ
1508 1728 1622 1786 ἄλλῳ

265 1805 399 1856 καιρῷ
425 1805 496 1843 καὶ
522 1799 571 1857 δὴ
598 1803 669 1843 καὶ
696 1800 737 1844 ἓν
762 1802 873 1856 τῷδε
899 1802 1000 1854 περὶ
1023 1805 1101 1843 τοῦ
1124 1798 1324 1856 ὁκότερος
1342 1797 1485 1855 ἡμέων
1503 1799 1622 1840 πλέω

268 1867 419 1923 ἀγαθὰ
449 1866 524 1924 τὴν
555 1869 747 1925 πατρίδα
778 1867 1019 1924 ἐργάσεται.
1081 1870 1188 1923 λέγω
1227 1869 1274 1910 δέ
1303 1883 1390 1919 τοι,
1431 1864 1499 1909 ὅτι
1530 1866 1623 1908 ἴσον

267 1935 357 1978 ἐστὶ
378 1935 519 1977 πολλά
538 1952 585 1977 τε
611 1937 681 1978 καὶ
702 1933 825 1990 ὀλίγα
844 1935 980 1990 λέγειν
1000 1937 1101 1990 περὶ
1122 1933 1354 1978 ἀποπλόου
1373 1938 1450 1977 τοῦ
1473 1933 1624 1976 ἐνθεῦ-

264 2020 334 2045 τεν
358 2004 760 2059 Πελοποννησίοισι.
811 2002 891 2058 ἐγὼ
917 2002 996 2057 γὰρ
1024 2001 1245 2058 αὐτόπτης
1274 2018 1343 2045 τοι
1372 2003 1480 2057 λέγω
1504 2001 1624 2057 γενό-

265 2087 408 2123 μενος,
443 2067 512 2112 ότι
541 2075 611 2113 νῦν
643 2068 736 2113 οὐδ’
753 2068 802 2126 ἢν
834 2070 1023 2112 ἐθέλωσι
1053 2073 1286 2126 Κορίνθιοί
1315 2085 1359 2111 τε
1390 2070 1463 2111 καὶ
1493 2067 1624 2119 αὐτὸς

266 2136 541 2217 Εὗρτβιάδης
565 2137 653 2180 οἶοί
676 2154 722 2180 τε
749 2138 920 2180 έσονται
945 2136 1187 2179 εκπλῶσαι
1219 2137 1519 2191 περιεχόμεθα
1542 2135 1623 2192 γὰρ

267 2203 353 2247 ὕπὸ
378 2209 464 2247 τῶν
490 2206 710 2258 πολεμίων
734 2206 886 2261 κυκλῳ.
936 2203 1025 2246 ἀλλ’
1044 2204 1239 2247 ἐσελθών
1271 2220 1352 2260 σφι
1381 2209 1517 2247 ταῦτα
1548 2204 1625 2259 σή-

268 2289 411 2328 ιιηιοι.
469 2269 491 2314 ὃ
525 2270 564 2315 6²
590 2270 792 2327 ἀμείβετο
822 2273 1006 2316 τοιοίδε·
1043 2272 1178 2328 κάρτα
1207 2288 1254 2314 τε
1288 2270 1452 2328 χρηστὰ
1484 2272 1625 2314 διακε-

267 2340 412 2382 λεύεαι
441 2341 514 2382 καὶ
545 2333 591 2382 εὖ
623 2338 834 2396 ἤγγειλας.
887 2339 943 2383 τὰ
972 2339 1052 2395 γὰρ
1085 2338 1166 2395 ἐγώ
1193 2338 1372 2395 ἐδεόμην
1402 2342 1622 2394 γενέσθαι,

269 2405 399 2458 αὐτὸς
430 2405 651 2464 αὐτόπτης
681 2408 905 2463 γενόμενος
934 2404 1062 2463 ἥκεις.
1124 2407 1225 2449 ἴσθι
1254 2406 1334 2462 γὰρ
1367 2406 1413 2459 ἐξ
1441 2406 1540 2461 ἐμέο
1570 2406 1624 2449 τὰ

267 2475 503 2529 ποιεύμενα
527 2472 614 2518 ὑπὸ
635 2474 806 2530 Μήδιον.
844 2474 935 2517 ἔδεε
959 2475 1053 2530 γάρ,
1083 2471 1155 2517 ὅτε
1181 2471 1255 2517 οὐκ
1281 2474 1445 2525 ἑκόντες
1465 2472 1623 2531 Ιἤθελον

268 2541 311 2592 ές
340 2543 478 2599 μάχην
509 2546 804 2585 κατίστασθαι
841 2542 882 2584 οἱ
909 2539 1121 2599 Ἕλληνες,
1161 2540 1364 2592 ἀέκοντας
1399 2542 1625 2599 παραστή-

269 2614 451 2652 σασθαι.
491 2627 542 2653 συ
570 2611 615 2653 δὲ
641 2609 821 2665 επείπερ
847 2607 963 2666 η’κεις
985 2609 1149 2667 χρηστὰ
1175 2609 1466 2666 ἀπαγγέλλων
1495 2607 1624 2661 αὐτός

269 2692 349 2732 σφι
370 2675 575 2732 ἄγγειλον.
614 2696 637 2734 7
642 2696 663 2720 ν
681 2676 762 2734 γὰρ
784 2677 864 2733 ἒγιὺ
886 2675 994 2720 αὐτὰ
1014 2680 1135 2734 λέγω,
1164 2678 1276 2730 δόξω
1297 2677 1471 2728 πλάσας
1490 2679 1623 2732 λέγειν

268 2745 336 2785 καὶ
359 2742 405 2786 οὗ
427 2749 567 2788 πείσω
583 2742 641 2796 (ὃς
656 2743 704 2788 οὗ
726 2761 964 2788 ποιευντων
982 2750 1067 2788 τῶν
1085 2746 1315 2803 βαρβάρων
1333 2749 1480 2788 ταῦτα.
1515 2743 1623 2787 ἄλλά

1728 0 1739 214 ¹

1728 442 1738 668 1
