1747 3293
208 328 240 353 15

208 1679 240 1704 16

265 237 348 278 250
679 242 993 277 ΗΡΟΔΟΤΟΥ
1021 242 1049 277 I.
1076 243 1129 277 15.
1158 243 1211 277 16.

266 312 443 369 στρατιὴ
465 310 659 354 ἀπίκετο.
697 309 806 364 μετὰ
827 310 872 352 6&
895 314 1032 353 ταῦτα
1050 311 1280 367 Μαρδονίῳ
1306 305 1418 368 ἦλθε
1438 309 1622 370 ἆγγελίη,

267 380 325 431 ὥς
345 378 465 430 ἁλέες
486 378 634 433 ε’ίησαν
655 375 903 432 οἱἝλληνες
923 377 965 421 ἓν
984 382 1044 434 τῷ
1055 376 1232 434 Ἰσθμῷ.
1272 376 1385 422 οὕτω
1407 378 1457 437 δὴ
1478 378 1623 424 ὀπίσω

264 446 496 503 ἐπορεύετο
530 443 603 488 διὰ
629 446 867 500 Δεκελείης.
928 445 971 487 οἱ
1000 444 1081 502 γὰρ
1110 446 1381 503 βοιωτάρχαι
1410 451 1626 502 μετεπέμ-

263 523 405 569 ψαντο
437 511 538 563 τοὺς
568 512 854 568 προσχώρους
883 516 968 555 τών
996 511 1232 563 Ἀσωπίων,
1272 508 1395 557 οὗτοι
1426 515 1473 557 6&
1509 513 1624 571 αὐτῷ

263 581 338 637 τὴν
370 579 471 623 ὁδὸν
502 577 677 636 ἡγέοντο
709 579 752 631 ἒς
782 580 1075 636 Σφενδαλέας,
1109 579 1309 623 ἐνθεῦτεν
1342 582 1388 624 δὲ
1419 581 1462 633 ἒς
1491 582 1628 625 Τανά-

262 666 378 705 γρην.
440 647 481 690 ἓν
517 647 708 704 Τανάγρῃ
742 647 788 690 δὲ
818 647 949 690 νύκτα
985 647 1316 702 ἐναυλισάμενος
1350 650 1424 692 καὶ
1458 650 1628 705 τραπό-

261 732 389 770 μενος
413 720 464 772 τῇ
490 713 695 772 ὑστεραίῃ
723 714 766 766 ἐς
789 716 961 758 Σκῶλον
988 714 1029 757 ἓν
1054 719 1106 772 γῇ
1130 719 1182 772 τῇ
1210 719 1407 772 Θηβαίων
1437 710 1500 773 ἦν.
1562 716 1627 760 ἒν-

263 788 412 827 θαῦτα
444 784 490 826 6&
518 787 604 826 τῶν
637 787 833 838 Θηβαίων
869 787 1025 837 καίπερ
1055 783 1321 839 μηδιζόντων
1358 783 1492 840 ἔκειρε
1526 783 1627 835 τοὺς

260 853 442 907 χώρους,
467 849 561 894 οῧτι
579 849 812 903 κατ’ἶέχθος
832 848 985 902 αὐτῶν,
1008 848 1180 894 ἀλλ’ῧπ’
1192 848 1423 907 ἀναγκαίης
1440 852 1627 908 μεγάλης

265 919 483 973 ἐχόμενος,
515 918 778 973 βουλόμενος
804 917 939 975 ἔρυμά
964 935 1011 961 τε
1035 922 1096 974 τῷ
1122 919 1405 975 στρατοπέδῳ
1437 919 1627 976 ποιήσα-

265 991 389 1039 σθαι,
416 988 485 1029 καὶ
511 984 561 1042 ἢν
587 986 850 1040 συμβαλόντι
877 985 919 1028 οἱ
942 986 1000 1042 μὴ
1029 985 1198 1044 ἐκβαίνῃ
1226 984 1370 1029 ὁκοῖόν
1393 1003 1437 1030 τι
1462 985 1623 1038 ἐθέλοι,

263 1055 556 1112 κρησφύγετον
580 1058 708 1097 τοῦτο
735 1053 946 1097 ἐποιέετο.
1002 1057 1167 1110 παρῆκε
1193 1054 1239 1096 6&
1265 1052 1395 1096 αὐτοῦ
1420 1053 1470 1097 τὸ
1497 1070 1628 1109 στρα-

263 1123 451 1166 τόπεδον
471 1120 708 1178 ἀρξάμενον
729 1119 818 1164 ἀπὸ
836 1119 1078 1176 Ἐρυθρέων
1098 1120 1220 1178 παρὰ
1235 1119 1386 1173 Ὑσιάς,
1414 1120 1627 1165 κατέτεινε

265 1192 311 1233 δὲ
348 1190 390 1241 ἒς
425 1189 499 1246 την
530 1190 775 1233 Πλαταιίδα
809 1193 902 1245 γῆν,
941 1188 1063 1244 παρὰ
1099 1188 1173 1232 τὸν
1199 1187 1393 1232 Ἀσωπὸν
1429 1188 1627 1243 ποταμὸν

263 1260 531 1313 τεταγμένον.
594 1254 643 1299 οὗ
673 1259 821 1310 μέντοι
851 1256 901 1298 τό
933 1272 980 1311 γε
1015 1264 1157 1309 τεῖχος
1191 1259 1378 1298 τοσοῦτο
1416 1254 1625 1308 ἐποιέετο,

265 1323 353 1367 ἀλλ’
373 1322 432 1375 ὥς
458 1324 532 1367 ἐπὶ
558 1322 659 1366 δέκα
685 1324 889 1373 σταδίους
911 1323 1103 1377 μάλιστά
1128 1340 1177 1380 κῃ
1203 1327 1405 1377 μέτωπον
1437 1323 1626 1367 ἕκαστον.

265 1392 446 1445 ἐχόντων
483 1392 529 1434 6&
558 1390 633 1434 τὸν
664 1390 798 1434 πόνον
827 1394 981 1434 τοῦτον
1016 1395 1101 1434 τῶν
1130 1391 1362 1447 βαρβάρων
1388 1389 1628 1448 Ἀτταγῖνος

264 1458 287 1503 ὁ
329 1460 551 1516 Φρύνωνος
588 1456 692 1515 ἀνὴρ
731 1462 918 1514 Θηβαῖος
953 1459 1396 1515 παρασκευασάμενος
1431 1459 1629 1515 μεγάλως

265 1527 410 1570 ἐκάλεε
448 1526 522 1570 ἐπὶ
559 1528 693 1578 ξείνια
729 1523 859 1569 αὐτόν
894 1543 941 1569 τε
976 1526 1222 1582 Μαρδόνιον
1258 1529 1330 1569 καὶ
1365 1527 1628 1584 πεντήκοντα

265 1598 464 1650 Περσέων
489 1593 589 1646 τοὺς
614 1594 949 1650 λογιμωτάτους,
978 1594 1210 1650 κληθέντες
1230 1594 1276 1637 δὲ
1296 1587 1417 1637 οὗτοι
1437 1594 1627 1638 εἵποντο.

266 1657 313 1719 ἧν
340 1664 386 1706 δὲ
410 1661 460 1705 τὸ
488 1663 661 1705 δεῖπνον
686 1662 946 1716 ποιεύμενον
972 1661 1014 1705 ἕν
1042 1662 1218 1718 Θήβῃσι.
1266 1663 1372 1705 τάδε
1397 1663 1444 1705 δὲ
1468 1659 1547 1719 ἤδη
1574 1662 1629 1705 τὰ

265 1731 478 1774 ἐπίλοιπα
519 1728 673 1787 ἤκουον
712 1730 1000 1786 Θερσάνδρου,
1046 1728 1201 1786 ἀνδρὸς
1241 1731 1319 1784 μὲν
1351 1728 1626 1785 Ὀρχομενίου,

265 1802 443 1855 λογίμου
472 1799 518 1841 δὲ
543 1797 586 1849 ἐς
609 1797 664 1841 τὰ
689 1801 845 1854 πρῶτα
871 1797 913 1840 ἕν
934 1795 1180 1854 Ὀρχομενῷ.
1217 1798 1300 1856 ἔφη
1328 1799 1373 1842 δὲ
1399 1796 1421 1843 ὃ
1445 1797 1629 1856 Θέρσαν-

266 1868 367 1921 δρος
391 1868 605 1922 κληθῆναι
630 1868 701 1908 καὶ
727 1863 857 1916 αὐτὸς
882 1863 970 1908 ὑπὸ
992 1863 1233 1921 Ἀτταγίνου
1267 1866 1341 1910 ἐπὶ
1370 1866 1420 1911 τὸ
1454 1868 1629 1911 δεῖπνον

264 1939 412 1986 τοῦτο,
445 1936 658 1990 κληθῆναι
684 1934 730 1976 δὲ
755 1934 826 1975 καὶ
854 1937 1051 1989 Θηβαίων
1077 1931 1236 1990 ἄνδρας
1265 1935 1528 1991 πεντήκοντα
1557 1938 1631 1978 καί

266 2019 412 2059 σφεων
444 1999 494 2044 οὗ
522 2003 654 2055 χωρὶς
685 1999 911 2055 ἑκατέρους
940 2002 1097 2053 κλῖναι,
1138 1999 1247 2043 ἀλλὰ
1276 2005 1445 2058 Πέρσην
1480 2019 1527 2046 τε
1556 2005 1629 2046 καὶ

269 2074 455 2127 Θηβαῖον
482 2068 524 2112 έν
549 2071 665 2125 κλίνῃ
692 2068 863 2125 ἑκάστῃ.
907 2066 967 2119 (ὃς
993 2069 1039 2111 6&
1064 2067 1153 2112 ἀπὸ
1182 2070 1357 2112 δείπνου
1384 2063 1503 2126 ἦσαν,
1533 2071 1629 2113 δια-

266 2138 480 2181 πινόντων
515 2136 589 2180 τὸν
626 2136 793 2192 Πέρσην
835 2134 909 2178 τὸν
947 2134 1172 2190 ὁμόκλινον
1204 2134 1387 2180 Ἐλλάδα
1428 2139 1628 2194 γλῶσσαν

268 2207 384 2248 ἱέντα
410 2206 612 2262 εἴρεσθαι
643 2202 772 2247 αὐτὸν
806 2202 1040 2255 ὁποδαπός
1065 2203 1175 2256 ἐστι,
1215 2202 1345 2256 αὐτὸς
1376 2205 1423 2248 δὲ
1447 2203 1630 2260 ὑποκρί-

266 2278 433 2316 νασθαι
459 2270 517 2323 ὥς
543 2273 606 2329 εἴη
629 2270 903 2326 Ὀρχομένιος.
941 2271 1014 2315 τὸν
1041 2273 1087 2315 δὲ
1112 2272 1251 2316 εἰπεῖν
1271 2270 1402 2316 ((ἒπεὶ
1425 2276 1497 2315 νῦν
1523 2271 1630 2327 ὄμο-

264 2341 481 2397 τράπεζός
510 2343 558 2382 τέ
580 2357 656 2394 μοι
680 2341 752 2382 καὶ
783 2337 1060 2393 ὁμόσπονδος
1092 2339 1247 2396 ἐγένεο,
1280 2340 1533 2396 μνημόσυνά
1559 2357 1630 2383 τοι

264 2409 435 2465 γνώμης
459 2412 534 2464 τῆς
561 2407 664 2463 ἐμῆς
688 2409 1014 2450 καταλιπέσθαι
1040 2408 1195 2460 ἐθέλω,
1223 2408 1293 2451 ἵνα
1312 2409 1385 2450 καὶ
1409 2406 1628 2465 προειδώς

268 2475 398 2528 αὐτὸς
428 2477 530 2533 περὶ
563 2480 753 2518 σεωυτοῦ
790 2475 1085 2529 βουλεύεσθαι
1117 2475 1212 2533 ἔχῃς
1246 2474 1300 2518 τὰ
1337 2479 1627 2532 συμφέροντα.

267 2543 373 2602 ὁρᾷς
397 2545 577 2595 τούτους
607 2542 709 2594 τοὺς
741 2543 1019 2597 δαινυμένους
1044 2543 1214 2598 Πέρσας
1244 2545 1315 2586 καὶ
1339 2543 1413 2586 τὸν
1445 2542 1629 2600 στρατὸν

266 2613 339 2656 τὸν
361 2613 564 2666 ἐλίπομεν
589 2611 663 2655 ἐπὶ
680 2616 741 2668 τῷ
762 2615 947 2667 ποταμῷ
970 2612 1418 2668 στρατοπεδευόμενον
1426 2630 1441 2665 ,·
1465 2611 1629 2654 τούτων

266 2681 442 2724 πάντων
471 2678 610 2735 ὄψεαι
647 2678 793 2735 ὀλίγου
825 2678 942 2730 τινὸς
974 2680 1129 2735 χρόνου
1169 2679 1422 2729 διελθόντος
1459 2676 1630 2734 ὀλίγους

266 2747 385 2799 τινὰς
419 2747 519 2799 τοὺς
549 2746 939 2804 περιγενο,ιιένοῡς.”
989 2752 1127 2792 ταῦτα
1159 2745 1249 2802 ἅμα
1284 2764 1330 2790 τε
1360 2745 1433 2790 τὸν
1464 2750 1631 2803 Πέρσην
