1747 3293
468 253 780 289 ΗΡΟΔΟΤΟΥ
809 254 855 290 H.
880 255 1025 290 64—69.
1347 247 1426 288 13].

63 323 326 380 Ηρταχαίου.
385 322 594 379 Βάκτριοι
626 324 671 366 63
701 325 802 380 περὶ
826 324 902 378 μὲν
927 328 1025 381 τῇσι
1056 325 1269 381 κεφαλῇσι
1301 321 1428 380 ἀγχό-

66 407 176 434 τατα
199 394 285 434 τῶν
310 390 513 446 Μηδικῶν
540 390 704 444 ἔχοντες
731 389 1055 448 ἐστρατεύοντο,
1088 391 1194 444 τόξα
1226 392 1272 435 63
1297 393 1429 435 καλά-

65 475 170 513 μινα
195 456 409 515 ἐπιχώρια
433 459 505 500 καὶ
531 457 687 511 αἰχμὰς
709 458 908 514 βραχέας.
958 459 1098 502 Σάκαι
1124 459 1170 502 δὲ
1195 459 1238 502 οἱ
1254 460 1430 504 Σκύθαι

66 526 169 583 περὶ
204 525 281 580 μὲν
316 529 416 582 τῇσι
453 528 665 583 κεφαλῇσι
701 529 938 582 κυρβασίας
981 525 1023 577 ἐς
1061 524 1134 579 ὀξὺ
1179 524 1429 583 ἀπηγμένας

68 590 208 649 ὀρθὰς
233 590 344 646 εἶχον
370 597 627 649 πεπηγυίας,
657 590 915 650 ἀναξυρίδας
941 594 987 636 63
1008 593 1294 647 ἐνδεδύκεσαν,
1322 594 1427 647 τόξα

67 660 113 703 63
138 658 353 718 ἐπιχώρια
377 662 446 703 καὶ
474 659 724 717 ἐγχειρίδια,
757 660 871 718 πρὸς
897 661 943 703 δὲ
967 662 1040 703 καὶ
1066 659 1214 713 ἀξίνας
1246 662 1427 718 σαγάρις

66 725 191 780 εἶχον.
241 744 420 778 τοιτους
447 727 535 770 63³
518 728 666 778 εόντας
690 728 866 778 Σκύθας
886 725 1136 784 Αμυργίοις
1160 729 1304 780 Σάκας
1331 728 1428 772 ἐκά-

65 795 180 837 λεον·
208 794 250 838 οἱ
267 793 348 849 γὰρ
368 797 533 876 Πέρσαι
551 795 719 845 πάντας
738 811 838 845 τους
855 795 1034 845 Σκύθας
1053 796 1254 838 καλέουσι
1269 797 1426 848 Σάκας.

64 866 288 919 Βακτρίων
314 862 360 904 63
384 863 454 904 καὶ
474 864 646 904 Σακέων
664 855 764 917 ἦρχε
779 858 1018 917 Ὑστάσπης
1039 860 1061 904 6
1082 867 1268 917 Δαρείου
1288 880 1335 905 τε
1355 865 1427 906 καὶ

60 927 262 985 Ατόσσης
280 933 354 984 τῆς
370 928 524 984 Κύρου.
558 926 682 971 Ινδοὶ
702 928 748 970 63
769 928 925 982 ειίιατα
943 929 1019 983 μὲν
1041 927 1357 981 ἐνδεδυκότες’
1333 929 1422 974 απὸ

65 996 202 1048 ξύλων
227 995 519 1052 πεποιημένα,
552 996 659 1048 τόξα
692 995 738 1038 63
762 995 977 1050 καλάμινα
1010 993 1121 1049 εἶχον
1147 998 1219 1040 καὶ
1252 994 1426 1049 ὀιστοὺς

63 1065 341 1118 καλαμίνους·
370 1062 442 1105 ἐπὶ
470 1063 515 1105 63
541 1063 716 1121 σίδηρος
741 1064 802 1120 ῆν.
859 1062 1111 1118 ἐσταλμένοι
1136 1064 1211 1118 μὲν
1239 1063 1288 1121 δὴ
1316 1067 1425 1121 ἦσαν

65 1128 177 1174 οὕτω
201 1129 341 1183 Ἰνδοί,
375 1130 724 1188 προσετετάχατο
758 1131 803 1173 63
835 1131 1225 1186 συστρατευόμενοι
1260 1139 1427 1191 Φαρνα-

64 1199 204 1257 ζάθρῃ
225 1202 284 1254 τῷ
295 1196 576 1253 Ἀρταβάτεω.
610 1197 742 1254 Ἄριοι
765 1198 810 1241 63
834 1198 1003 1250 τόξοισι
1023 1199 1099 1252 μὲν
1120 1198 1425 1254 ἐσκευασμένοι

61 1260 170 1323 ἦσαν
199 1266 450 1322 Μηδικοῖσι,
483 1265 536 1308 τὰ
569 1265 615 1308 δὲ
648 1263 758 1308 ἄλλα
782 1266 976 1322 κατάπερ
1002 1267 1224 1325 Βάκτριοι.
1275 1265 1424 1325 ᾍρίων

64 1334 110 1376 63
135 1327 235 1389 ἦρχε
254 1333 473 1388 Σισάμνης
499 1331 521 1376 6
539 1330 768 1390 Ὑδάρνεος.
813 1334 993 1389 Πάρθοι
1019 1334 1065 1377 δὲ
1084 1336 1155 1377 καὶ
1174 1335 1422 1392 Χοράσμιοι

61 1403 133 1444 καὶ
151 1401 311 1456 Σόγδοι
330 1417 375 1442 τε
395 1402 463 1442 καὶ
488 1401 719 1457 Γανδάριοι
737 1401 808 1443 καὶ
824 1401 1009 1443 Δαδίκαι
1028 1400 1102 1458 την
1125 1399 1253 1458 αῧτὴν
1274 1401 1424 1458 σκευὴν

63 1468 227 1522 ἔχοντες
251 1466 326 1525 τὴν
351 1469 420 1510 καὶ
439 1468 649 1525 Βάκτριοι
675 1466 995 1524 ἐστρατεύοντο.
1035 1468 1200 1512 τούτων
1227 1470 1272 1512 63
1296 1463 1424 1526 ἦρχον

63 1536 173 1588 οἵδε,
206 1535 402 1590 Πάρθων
426 1536 502 1590 μὲν
533 1537 603 1578 καὶ
628 1539 892 1591 Χορασμίων
912 1533 1170 1593 ᾏρτάβαζος
1203 1535 1224 1579 6
1255 1539 1423 1594 Φαρνά-

61 1620 174 1655 κεος,
212 1603 387 1659 Σόγδων
420 1603 466 1645 63
492 1600 662 1658 Ἀζάνης
695 1601 716 1646 6
744 1601 959 1658 Ἀρταίου,
995 1604 1243 1662 Γανδαρίων
1276 1605 1322 1648 63
1352 1607 1424 1648 καὶ

61 1670 282 1715 Δαδικέων
304 1668 531 1727 Αρτύφιος
557 1668 579 1712 6
602 1668 876 1726 Αρταβάνοι
919 1671 1117 1714 Κάσπιοι
1144 1672 1190 1714 63
1216 1672 1421 1731 σισύρνας

61 1755 108 1782 τε
139 1737 408 1789 ἐνδεδυκότες
438 1739 508 1780 καὶ
538 1737 645 1789 τόξα
677 1736 892 1819 ἐπιχώρια
916 1738 1175 1792 καλάμινα)
1163 1739 1327 1792 ἔχοντες
1351 1742 1423 1783 καὶ

61 1804 265 1856 ἀκινάκας
291 1804 608 1861 ἐστρατεύοντο.
648 1807 769 1848 οὑτοι
789 1805 865 1859 μὲν
886 1803 998 1848 οἷ’τω
1026 1804 1299 1859 ἐσκευάδατο,
1328 1805 1422 1863 7‘73-

59 1874 171 1928 μόνα
201 1873 491 1928 παρεχόμενοι
517 1869 796 1928 Αριόμαρδον
831 1871 906 1916 τὸν
932 1870 1159 1930 Αρτυφίου
1194 1871 1418 1931 ἀδελφεόν,

57 1940 281 1996 Σαράγγαι
313 1940 358 1982 63
390 1939 546 1993 εἵματα
575 1940 651 1994 μὲν
680 1938 932 1995 βεβαμμένα
969 1939 1133 1993 ἔχοντες
1171 1940 1419 1999 ἐνέπρεπον,

59 2008 218 2052 πέδιλα
246 2008 291 2051 63
317 2006 359 2058 ἐς
382 2007 482 2063 γόνυ
510 2004 784 2051 ἀνατείνοντα
810 2005 933 2062 εἶχον,
966 2008 1072 2060 τόξα
1099 2009 1144 2050 63
1169 2010 1240 2051 καὶ
1267 2008 1423 2063 αἰχμὰς

59 2075 267 2132 Μηδικάς.
327 2078 582 2132 Σαραγγέων
609 2075 653 2118 63
679 2069 778 2132 ἧρχε
807 2076 1070 2132 Φερενδάτης
1102 2073 1123 2118 6
1149 2077 1420 2132 Μεγαβάζου.

57 2143 251 2194 Πάκτυες
273 2143 318 2185 63
340 2142 651 2200 σισυρνοφόροι
670 2159 715 2185 τε
736 2136 842 2199 ἦσαν
863 2144 933 2185 καὶ
952 2143 1059 2195 τόξα
1076 2143 1289 2199 ἐπιχώρια
1310 2142 1423 2198 εἶχον

59 2212 130 2253 καὶ
157 2209 399 2268 ἐγχειρίδια.
439 2210 632 2261 Πάκτυες
652 2210 697 2253 δὲ
718 2208 902 2267 ἄρχοντα
928 2214 1187 2267 παρείχοντο
1202 2209 1422 2269 Ἀρτύντην

58 2276 132 2321 τὸν
154 2276 423 2334 Ἰθαμίτρεω.
487 2274 632 2320 Οὔτιοι
659 2278 704 2320 63
729 2280 799 2320 καὶ
824 2278 965 2321 Μύκοι
997 2295 1042 2321 τε
1067 2280 1136 2321 καὶ
1163 2279 1422 2335 Παρικάνιοι

61 2344 364 2400 ἐσκευασμένοι
394 2339 501 2401 ἦσαν
531 2344 724 2401 κατάπερ
756 2345 962 2396 Πάκτυες.
1023 2346 1187 2389 τούτων
1220 2347 1265 2388 63
1296 2341 1423 2403 ἦρχον

63 2411 166 2464 οἵδε,
197 2410 356 2455 Ουτίων
380 2413 456 2466 μὲν
480 2413 550 2454 καὶ
570 2412 725 2455 Μύκων
741 2411 996 2470 Ξίρσαμένης
1016 2410 1038 2455 6
1059 2417 1258 2468 Δαρείου,
1286 2422 1423 2470 Παρι-

61 2482 218 2521 κανίων
255 2479 301 2521 63
330 2483 589 2558 Σιρομίτρης
627 2477 648 2521 6
690 2479 914 2533 Οἰοβάζου.
965 2478 1157 2534 Αράβιοι
1195 2480 1241 2522 63
1279 2480 1422 2536 ζειρὰς

61 2543 359 2600 ὑπεζωσμένοι
383 2547 503 2601 ἦσαν,
537 2546 642 2597 τόξα
668 2546 713 2588 63
740 2547 975 2588 παλίντονα
1008 2544 1119 2599 εἶχον
1150 2546 1262 2603 πρὸς
1287 2548 1420 2601 δεξιά,

62 2613 217 2670 μακρά.
266 2612 419 2657 Λιθίο
414 2629 488 2663 τες
516 2613 559 2655 63
580 2613 828 2668 παρδαλέας
853 2628 916 2656 τε·
924 2615 995 2656 καὶ
1020 2613 1258 2665 λεοντέας’
1241 2619 1422 2670 εναμμέ-

62 2697 142 2733 νοι,
163 2681 270 2732 τόξα
294 2681 337 2724 63
358 2678 469 2733 εἶχον
484 2679 527 2722 ἐκ
542 2684 737 2736 φοίνικος
758 2680 938 2737 σπάθης
957 2684 1242 2737 πεποιημένα,
1262 2682 1420 2738 μακρά,

62 2751 366 2806 τεῒραῖϊηχέων
405 2764 477 2790 OLss.
516 2746 703 2800 ἐ)ίί(70“ω,
749 2747 821 2790 3'7r3
860 2749 905 2791 δε
946 2750 1204 2803 καλαμίνους
1247 2746 1422 2801 ΟίσΤΟὺς

1128 2815 1171 2850 9ο

1452 338 1486 363 64

1450 944 1482 969 65

1449 1214 1482 1239 66

1447 1687 1478 1713 67

1448 2294 1479 2318 68

1447 2494 1479 2519 69
