1747 3293
516 264 828 300 ΗΡΟΔΟΤΟΥ
855 263 904 300 Η.
930 265 1007 300 139.
1033 266 1110 301 140.
1414 257 1495 299 153

133 333 284 389 μηδεὶς
313 330 509 389 ἠντιοῦτο
540 335 694 390 Ξέρξῃ,
727 335 837 377 κατά
868 351 914 390 γε
947 331 997 377 ἂν
1027 333 1102 390 τὴν
1132 333 1314 390 ἤπειρον
1344 336 1494 378 τοιάδε

135 400 306 456 ἐγίνετο.
362 400 401 443 εἰ
425 402 497 443 καὶ
521 403 679 444 πολλοὶ
703 405 876 456 τειχέων
900 406 1088 452 κιθῶνες
1113 396 1219 458 ἦσαν
1245 402 1495 458 ἐληλαμένοι

134 466 208 511 διὰ
231 471 308 511 τοῦ
330 465 508 523 Ἰσθμοῦ
533 470 936 525 Πελοποννησίοισι,
963 470 1258 525 προδοθέντες
1284 468 1335 513 ἂν
1354 478 1494 514 Λακε-

134 535 355 590 δαιμόνιοι
379 534 467 579 ὑπὸ
493 540 578 579 τιῦν
604 537 838 591 συμμάχων
864 535 939 580 οῦκ
963 536 1144 580 ἑκόντων
1169 535 1259 580 ἀλλ’
1275 535 1349 581 ὕπ’
1367 536 1495 594 ἀναγ-

132 607 267 660 καίης,
295 601 404 647 κατὰ
422 604 553 654 πόλις
573 602 863 658 ἁλισκομένων
882 601 970 648 ὕπὸ
991 609 1068 648 τοῦ
1087 609 1287 649 ναυτικοῦ
1308 610 1494 664 στρατοῦ

131 675 208 714 τοῦ
227 671 463 727 βαρβάρου,
488 671 814 727 ἐμουνώθησαν,
835 676 1135 726 μουνωθέντες
1155 673 1201 715 δὲ
1221 671 1272 716 ἂν
1290 675 1362 716 καὶ
1382 672 1495 717 ἀπο-

134 739 359 792 δεξάμενοι
385 738 487 794 ἔργα
510 738 677 794 μεγάλα
702 736 928 782 ἀπέθανον
953 744 1167 795 γενναίως.
1228 738 1255 796 ἢ
1284 745 1419 783 ταῦτα
1445 739 1495 784 ἂν

133 805 317 858 ἔπαθον,
345 803 371 861 ἢ
396 805 483 862 πρὸ
508 810 584 848 τοῦ
610 803 804 861 ὁρέοντες
829 803 880 848 ἂν
905 808 977 848 καὶ
1001 805 1102 857 τοὺς
1128 804 1495 864 ἄλλουςἝλληνας

130 873 389 930 μηδίζοντας
410 871 615 929 ὁμολογίῃ
638 870 688 915 ἂν
708 871 940 928 ἐχρήσαντο
959 872 1072 929 πρὸς
1084 875 1255 929 Ξέρξην.
1287 877 1357 917 καὶ
1381 873 1492 918 οὕτω

133 938 184 983 ἂν
210 938 276 984 ἐπ’
293 938 521 997 ἀμφότερα
546 938 569 996 ἡ
592 937 739 991 Ἑλλὰς
764 939 923 996 ἐγίνετο
949 937 1037 983 ῦπὸ
1057 943 1262 997 Πέρσῃσι.
1311 940 1386 997 τὴν
1409 940 1490 998 γὰρ

133 1005 322 1064 ὠφελίην
347 1006 421 1063 τὴν
445 1011 530 1050 τῶν
554 1011 728 1061 τειχέων
758 1011 844 1051 τιῦν
877 1006 950 1050 διὰ
978 1011 1054 1050 τοῦ
1075 1005 1255 1062 Ἰσθμοῦ
1288 1007 1494 1064 ἐληλαμέ-

131 1092 213 1118 νων
240 1072 288 1117 οὖ
317 1075 504 1129 δύναμαι
529 1078 766 1118 πυθέσθαι
790 1072 884 1131 ἥτις
910 1072 960 1118 ἂν
992 1069 1050 1131 ἧν,
1083 1077 1286 1129 βασιλέος
1317 1075 1494 1133 ἐπικρα-

131 1141 302 1194 τέοντος
332 1147 408 1198 τῆς
437 1143 681 1199 θαλάσσης.
730 1147 802 1186 νῦν
834 1143 880 1185 δὲ
900 1140 1155 1199 Άθηναίους
1186 1140 1236 1185 ἄν
1265 1160 1332 1194 τις
1363 1145 1494 1198 λέγων

133 1214 331 1266 σωτῆρας
354 1213 563 1265 γενέσθαι
588 1214 662 1266 τῆς
682 1207 883 1261 Ἑλλάδος
916 1209 990 1254 οῦκ
1016 1208 1067 1254 ἂν
1093 1208 1335 1266 ἁμαρτάνοι
1364 1209 1495 1267 τάλη-

133 1277 252 1328 θέος.
292 1271 412 1321 οῦτοι
435 1276 516 1334 γὰρ
544 1277 617 1320 ἐπὶ
643 1276 824 1335 ὁκότερα
848 1283 932 1321 τῶν
952 1279 1217 1335 πρηγμάτων
1238 1277 1490 1335 ἐτράποντο,

133 1349 269 1387 ταῦτα
294 1346 443 1402 ῥέψειν
470 1345 635 1399 ἔμελλε·
674 1344 870 1399 ἑλόμενοι
902 1346 947 1388 δὲ
972 1345 1045 1401 τὴν
1067 1344 1247 1388 Ἑλλάδα
1277 1355 1495 1401 περιεῖναι

134 1412 377 1468 ἐλευθέρην,
398 1417 524 1455 τοῦτο
538 1410 832 1469 τὸἙλληνικὸν
847 1417 934 1456 πᾶν
947 1412 996 1455 τὸ
1010 1415 1178 1465 λοιπόν,
1202 1410 1304 1456 ὅσον
1319 1412 1376 1470 μὴ
1393 1413 1494 1471 ἔμη-

134 1480 240 1532 δισε,
264 1477 387 1523 αὐτοὶ
409 1473 529 1523 οῦτοι
544 1474 650 1535 ἦσαν
665 1480 706 1523 οἱ
727 1480 1020 1536 ἐπεγείραντες
1032 1482 1103 1523 καὶ
1119 1482 1303 1535 βασιλέα
1320 1481 1429 1535 μετά
1447 1498 1494 1537 γε

132 1547 266 1598 θεοὺς
281 1546 563 1602 ἀνωσάμενοι.
597 1546 698 1590 οὐδέ
717 1564 855 1604 σφεας
871 1549 1110 1604 χρηστήρια
1124 1547 1292 1606 φοβερὰ
1307 1548 1494 1591 ἐλθόντα

134 1615 177 1658 ἐκ
196 1617 379 1672 Δελφῶν
403 1617 475 1658 καὶ
500 1615 542 1666 ἒς
567 1616 695 1669 δεῖμα
717 1617 906 1669 βαλόντα
932 1616 1078 1659 ἔπεισε
1104 1615 1292 1661 ἐκλιπεῖν
1316 1615 1389 1671 τὴν
1404 1614 1493 1659 Ἑλ-

132 1683 256 1735 λάδα,
286 1681 395 1726 ἀλλὰ
413 1687 742 1736 καταμείναντες
768 1681 994 1737 ἀνέσχοντο
1018 1683 1091 1726 τὸν
1118 1683 1298 1727 ἐπιόντα
1324 1683 1396 1726 ἐπὶ
1420 1682 1494 1739 τὴν

131 1751 273 1807 χώρην
294 1751 523 1803 δέξασθαι.
560 1751 815 1805 πέμψαντες
833 1750 913 1807 γὰρ
935 1751 977 1794 οἱ
991 1749 1214 1807 Ἀθηναῖοι
1235 1750 1277 1801 ἐς
1297 1750 1494 1807 Δελφοὺς

132 1818 422 1875 θεοπρόπους
433 1818 831 1874 χρηστηριάζεσθαι
846 1813 951 1874 ἦσαν
966 1817 1153 1872 ἑτοῖμοι·
1180 1822 1253 1860 καί
1267 1834 1348 1875 σφι
1363 1819 1494 1874 ποιή-

134 1901 237 1928 σασι
251 1886 352 1940 περὶ
366 1884 414 1928 τὸ
431 1884 520 1942 ἱρὸν
534 1884 588 1928 τὰ
602 1886 870 1939 νομιζόμενα,
893 1884 951 1936 (ὗς
967 1885 1008 1936 ἒς
1021 1885 1070 1929 τὸ
1085 1889 1270 1940 μέγαρον
1291 1885 1495 1928 ἐσελθόν-

132 1970 202 2004 τες
226 1953 379 2005 ἵζοντο,
404 1958 487 2010 χρᾷ
513 1951 717 2010 ἡΠυθίη,
745 1957 795 2009 τῇ
823 1951 987 2007 οὕνομα
1014 1947 1060 2009 ἧν
1077 1951 1349 2009 Ἀριστονίκη,
1376 1951 1493 1996 τάδε.

194 2014 228 2062 ὦ
254 2022 417 2074 μέλεοι,
445 2025 487 2063 τί
511 2021 738 2076 κάθησθε,
764 2020 904 2064 λιπών
930 2019 1049 2077 φεῦγ’
1073 2020 1230 2073 ἔσχατα
1253 2025 1378 2077 γαίης

192 2089 374 2142 δώματα
399 2089 470 2130 καὶ
495 2088 650 2139 πόλιος
676 2089 943 2145 τροχοειδέος
969 2086 1078 2145 ἄκρα
1103 2088 1278 2144 κάρηνα.

193 2153 290 2199 οὔτε
314 2155 394 2212 γὰρ
420 2153 444 2211 ἦ
472 2154 634 2212 κεφαλὴ
661 2160 777 2210 μένει
804 2156 990 2210 ἔμπεδον
1017 2153 1113 2199 οἰῖτε
1138 2155 1186 2198 τὸ
1214 2160 1357 2210 σῶμα,

193 2221 291 2266 οὔτε
316 2223 451 2274 πόδες
476 2227 620 2266 νέατοι
647 2221 731 2267 οὔτ’
750 2217 807 2266 ὦν
829 2227 967 2280 χέρες,
996 2220 1094 2266 οὔτε
1119 2240 1162 2266 τι
1186 2227 1349 2279 μέσσης

191 2293 406 2343 λείπεται,
435 2289 524 2333 ἀλλ’
542 2289 698 2347 ἀίδηλα
724 2293 866 2334 πέλει·
892 2290 1001 2333 κατὰ
1025 2291 1105 2347 γάρ
1130 2308 1204 2345 μιν
1230 2290 1395 2346 ἐρείπει

192 2363 279 2415 πῦρ
305 2375 351 2402 τε
375 2360 445 2401 καὶ
473 2356 572 2411 ὀξὺς
592 2356 728 2415 Ἄρης,
755 2359 1008 2415 Συριηγενὲς
1034 2355 1151 2414 ἅρμα
1177 2358 1358 2400 διώκων.

193 2424 335 2468 πολλὰ
361 2426 407 2468 δὲ
431 2421 544 2469 κᾶλλ’
563 2425 723 2469 ἀπολεῖ
746 2427 1032 2482 πυργώματα,
1060 2423 1135 2468 κοῦ
1162 2424 1209 2468 τὸ
1238 2424 1313 2467 σὸν
1339 2423 1448 2467 οἷον·

195 2492 384 2544 πολλοὺς
410 2490 449 2536 δ’
467 2492 701 2536 ἀθανάτων
726 2492 853 2549 νηοὺς
876 2495 1049 2548 μαλερῴ
1075 2493 1182 2549 πυρὶ
1208 2492 1357 2543 δώσει,

197 2560 242 2602 οἵ
263 2576 349 2603 που
376 2564 446 2603 νῦν
473 2560 623 2617 ἱδρῶτι
647 2560 865 2617 ῥεεύμενοι
890 2559 1110 2615 ἑστήκασι,

197 2629 368 2682 δείματι
393 2628 676 2681 παλλόμενοι,
703 2625 811 2670 κατὰ
837 2626 876 2670 δ’
894 2625 1150 2683 ἀκροτάτοις
1176 2624 1382 2684 ὀρόφοισι

197 2695 306 2750 αἷμα
328 2697 459 2750 μέλαν
483 2699 673 2748 κέχυται,
701 2693 883 2752 προϊδὸν
907 2695 1140 2749 κακότητος
1165 2691 1360 2749 ἀνάγκας.

197 2761 285 2806 ἀλλ’
309 2763 399 2807 ἰ’τσν
426 2762 471 2816 ἒξ
495 2760 692 2816 ἀδύτοιο,
719 2771 865 2814 κακοῖς
892 2761 930 2806 δ’
949 2761 1193 2805 ἐπικίδνατε
1218 2761 1376 2816 θυμόν.

1519 1764 1569 1789 140
