1747 3293
482 290 796 326 ΗΡΟΔΟΤΟΥ
825 291 853 326 I.
881 291 1026 326 61—64.
1354 280 1433 321 271

77 358 118 401 ἓν
144 358 283 414 τούτῳ
309 363 370 414 τῷ
393 358 534 415 χρόνῳ
562 361 717 402 πολλοὶ
750 361 822 402 καὶ
852 361 1003 416 πολλῷ
1036 360 1215 410 πλεῦνες
1246 358 1441 413 ἐτρωμα-

75 425 260 478 τίζοντο·
286 426 528 482 φράξαντες
552 427 632 482 γὰρ
658 426 713 469 τὰ
738 431 868 483 γέρρα
896 427 938 470 οἱ
957 431 1123 484 Πέρσαι
1149 425 1336 470 ἀπίεσαν
1355 430 1441 469 τῶν

75 493 351 548 τοξευμάτων
376 492 520 536 πολλὰ
546 492 775 551 ἀφειδέως,
805 492 916 537 οὕτω
939 491 1051 538 ὥστε
1071 495 1336 549 πιεζομένων
1355 498 1441 536 τιῦν

76 564 385 618 Σπαρτιητέων
404 563 475 602 καὶ
494 565 580 603 τιῦν
601 566 800 618 σφαγίων
816 560 864 605 οὗ
879 566 1111 618 γινομένων
1126 560 1442 618 ἀποβλέψαντα

75 628 149 672 τὸν
173 632 423 685 Παυσανίην
455 628 569 685 πρὸς
598 628 647 672 τὸ
671 627 843 685 Ἡραῖον
873 629 923 673 τὸ
955 633 1210 673 Πλαταιέων
1242 629 1442 673 ἐπικαλέ-

78 701 250 740 σασθαι
273 695 347 752 τὴν
372 696 493 747 θεόν,
524 696 753 753 χρηΐζοντα
782 698 995 754 μηδαμῶς
1021 713 1160 755 σφεας
1190 702 1444 754 ψευσθῆναι

76 769 151 820 τῆς
176 763 366 815 ἐλπίδος.
405 767 543 806 ταῦτα
569 763 608 806 δ’
627 764 690 806 ἔτι
714 763 871 807 τούτου
898 765 1232 820 ἐπικαλεομένου
1254 767 1442 820 προεξα-

79 832 310 882 ναστάντες
342 831 552 888 πρότεροι
578 831 619 873 οἱ
649 837 850 888 Τεγεῆται
876 832 1057 890 ἐχώρεον
1089 833 1135 884 ἐς
1155 833 1256 884 τοὺς
1278 833 1446 889 βαρβά-

79 917 197 956 ρους,
231 901 304 942 καὶ
328 908 446 942 τοῖσι
470 900 860 953 Λακεδαιμονίοισι
892 898 1046 943 αὐτίκα
1075 899 1185 955 μετὰ
1215 899 1290 957 τὴν
1323 898 1445 955 εὐχὴν

78 966 152 1023 τὴν
182 971 438 1010 Παυσανίεω
477 966 636 1023 ἐγίνετο
675 971 935 1022 θυομένοισι
971 968 1026 1010 τὰ
1063 969 1232 1026 σφάγια
1265 969 1443 1023 χρηστά.

81 1033 139 1086 (ὗς
170 1035 216 1077 δὲ
246 1035 386 1092 χρόνῳ
420 1036 516 1078 κοτὲ
548 1034 730 1091 ἐγένετο,
770 1034 953 1092 ἐχώρεον
983 1038 1055 1079 καὶ
1087 1029 1210 1079 οὗτοι
1241 1034 1316 1078 ἐπὶ
1345 1034 1447 1085 τοὺς

78 1106 262 1160 Πέρσας,
289 1105 362 1145 καὶ
387 1103 429 1146 οἱ
454 1106 621 1159 Πέρσαι
648 1101 790 1146 ἀντίοι
813 1102 868 1145 τὰ
892 1103 999 1155 τόξα
1022 1103 1232 1157 μετέντες.
1284 1102 1445 1159 ἐγίνετο

82 1171 128 1214 δὲ
152 1175 327 1225 πρῶτον
348 1173 450 1227 περὶ
474 1169 528 1213 τὰ
553 1170 684 1227 γέρρα
707 1172 837 1227 μάχη.
878 1168 936 1222 ὥς
962 1171 1008 1213 δὲ
1028 1175 1163 1214 ταῦτα
1184 1171 1445 1222 ἐπεπτώκεε,

78 1236 159 1295 ἤδη
193 1238 353 1294 ἐγίνετο
386 1236 409 1295 ἡ
442 1238 554 1293 μάχη
590 1237 737 1295 ἰσχυρὴ
769 1237 871 1295 παρ’
891 1238 994 1281 αὐτὸ
1025 1238 1074 1282 τὸ
1101 1239 1345 1295 Δημήτριον
1376 1241 1447 1281 καὶ

78 1306 230 1363 χρόνον
262 1305 337 1349 ἐπὶ
368 1307 543 1358 πολλόν,
580 1305 622 1357 ἐς
653 1306 675 1349 ὃ
710 1305 918 1350 ἀπίκοντο
952 1306 995 1357 ἐς
1027 1305 1250 1362 ὠθισμόν·
1286 1306 1342 1350 τὰ
1366 1305 1446 1362 γὰρ

82 1374 273 1431 δούρατα
298 1373 696 1428 ἐπιλαμβανόμενοι
720 1377 932 1417 κατέκλων
953 1392 995 1417 οι
1005 1376 1248 1457 (βάρβαροι.
1288 1375 1449 1430 λήματι

79 1445 156 1497 μέν
181 1460 252 1484 νυν
278 1444 349 1484 καὶ
376 1442 500 1499 ῥώμῃ
527 1459 604 1484 ουκ
637 1441 809 1493 ἕσσονες
839 1437 947 1500 ἦσαν
975 1460 1017 1485 οι
1041 1442 1226 1500 Πέρσαι,
1262 1439 1449 1485 α’νοπλοι

83 1510 129 1552 δὲ
160 1508 302 1560 εόντες
332 1512 403 1552 καὶ
435 1508 547 1565 πρὸς
579 1507 921 1567 ἀνεπιστήμονες
951 1504 1058 1568 ἦσαν
1088 1512 1159 1552 καὶ
1192 1509 1268 1553 οὐκ
1300 1508 1449 1564 ὁμοῖοι

81 1586 198 1620 τοῖσι
225 1577 458 1620 ἐναντίοισι
484 1581 655 1635 σοφίη.ν
714 1580 1078 1634 προεξαΐσσοιτες
1104 1579 1149 1621 δὲ
1174 1576 1262 1620 κατ3
1281 1577 1354 1621 ε’να
1378 1580 1448 1620 καὶ

83 1646 205 1698 δέκα,
233 1647 305 1688 καὶ
331 1645 509 1696 πλεῦνές
533 1662 579 1688 τε
605 1648 675 1688 καὶ
703 1645 931 1697 ἐλάσσονες
958 1646 1320 1703 συστρεφόμενοι,
1357 1645 1448 1689 ἐσέ-

82 1730 249 1757 πιπτον
287 1713 330 1764 ἐς
365 1713 466 1764 τοὺς
501 1714 781 1770 Σπαρτιήτας
818 1716 889 1756 καὶ
927 1715 1247 1771 διεφθείροντο.
1312 1718 1364 1770 τῇ
1403 1714 1448 1756 δὲ

85 1781 284 1838 ἐτύγχανε
318 1779 448 1832 αὐτὸς
480 1780 561 1824 ἐών
586 1782 834 1838 Μαρδόνιος
867 1780 941 1824 ἀπ’
960 1782 1103 1824 ἵππου
1135 1799 1182 1825 τε
1206 1781 1449 1836 μαχόμενος

83 1852 233 1893 λευκοῦ
261 1848 366 1902 ἔχων
391 1866 437 1892 τε
463 1851 564 1906 περὶ
592 1848 751 1892 ἑωυτὸν
778 1850 965 1905 λογάδας
991 1853 1190 1905 Περσέων
1221 1849 1323 1900 τοὺς
1355 1848 1447 1905 ἀρί-

85 1933 213 1968 στους
234 1919 413 1970 χιλίους,
440 1917 574 1973 ταύτῃ
598 1917 643 1959 δὲ
665 1919 737 1959 καὶ
755 1918 947 1972 μάλιστα
967 1916 1067 1968 τοὺς
1089 1917 1306 1967 ἐναντίους
1332 1915 1450 1959 ε’πίε-

86 2002 176 2029 σαν.
209 1983 312 2028 ὅσον
330 1989 406 2039 μέν
426 2003 497 2028 νυν
514 1986 667 2040 χρόνον
682 1986 929 2040 Μαρδόνιος
948 1990 1113 2041 περιῆν,
1137 1985 1178 2027 οἱ
1200 1985 1245 2027 δὲ
1261 1983 1451 2037 ἀντεῖχον

85 2055 155 2095 καὶ
183 2051 445 2107 ἀμυνόμενοι
469 2055 731 2107 κατέβαλλον
756 2052 947 2104 πολλοὺς
971 2058 1057 2096 τών
1081 2053 1449 2107 Λακεδαιμονίων,

85 2119 144 2172 ὡς
170 2122 217 2164 δὲ
236 2122 482 2177 Μαρδόνιος
510 2120 708 2164 ἀπέθανε
735 2123 803 2163 καὶ
826 2120 874 2164 τὸ
897 2124 997 2178 περὶ
1019 2121 1176 2164 ἐκεῖνον
1196 2124 1451 2176 τεταγμένον

86 2188 154 2232 ἐὸν
181 2189 463 2246 ἰσχυρότατον
490 2189 638 2241 ἔπεσε,
674 2187 786 2231 οὕτω
815 2189 864 2245 δὴ
890 2192 959 2232 καὶ
988 2189 1029 2231 οἱ
1056 2187 1180 2232 ἄλλοι
1207 2188 1446 2245 ἐτράποντο

85 2259 157 2299 καὶ
195 2255 310 2309 εἶξαν
340 2266 459 2300 τοῖσι
490 2258 892 2311 Λακεδαιμονίοισι.
954 2259 1159 2300 πλεῖστον
1188 2257 1276 2312 ’γάρ
1315 2272 1453 2313 σφεας

87 2324 282 2381 ἐδηλέετο
309 2323 332 2382 ἡ
355 2324 491 2380 ἐσθὴς
512 2325 669 2381 ἕρημος
691 2325 822 2367 ἐοῦσα
843 2322 1010 2367 ὅπλων·
1037 2324 1148 2381 πρὸς
1165 2323 1245 2380 γὰρ
1268 2322 1452 2373 ὁπλίτας

88 2393 229 2444 ἐόντες
252 2397 459 2449 γυμνῆτες
485 2390 630 2447 ἀγῶνα
656 2392 896 2435 ἐποιεῦντο.
936 2392 1129 2435 ἐνθαῦτα
1149 2389 1175 2449 ἥ
1194 2408 1240 2434 τε
1261 2391 1354 2446 δίκη
1374 2395 1451 2433 τοῦ

88 2461 224 2518 φόνου
250 2464 328 2503 τοῦ
347 2461 576 2503 Λεωνίδεω
603 2459 711 2502 κατὰ
735 2459 785 2503 τὸ
809 2461 1066 2516 χρηστήριον
1091 2468 1208 2502 τοῖσι
1233 2459 1453 2515 Σπαρτιή-

87 2545 187 2586 τῃσι
213 2527 257 2571 ἐκ
281 2529 529 2585 Μαρδονίου
557 2527 818 2579 ἐπετελέετο,
846 2529 916 2569 καὶ
942 2532 1056 2584 νίκην
1083 2525 1326 2581 ἀναιρέεται
1351 2528 1451 2568 καλ-

89 2599 236 2653 λίστην
263 2594 471 2639 ἁπασέων
495 2600 580 2638 τῶν
606 2593 730 2651 ἡμεῖς
751 2596 870 2648 ἴδμεν
889 2598 1139 2649 Παυσανίης
1160 2591 1182 2637 ὁ
1206 2594 1453 2648 Κλεομβρό-

90 2682 165 2707 του
190 2668 268 2707 τοῦ
289 2662 637 2718 Ἀναξανδρίδεω.
687 2668 772 2705 τῶν
799 2664 845 2705 δὲ
875 2663 1126 2716 κατύπερθέ
1158 2661 1199 2703 οἱ
1229 2662 1453 2718 προγόνων

91 2732 144 2775 τὰ
170 2731 391 2786 οὐνόματα
417 2732 583 2788 εἴρηται
611 2730 652 2782 ἐς
671 2731 910 2786 Λεωνίδην·
937 2728 1069 2772 ὡυτοὶ
1087 2730 1168 2786 γάρ
1195 2745 1276 2786 σφι
1300 2730 1454 2784 τυγχά-

91 2816 210 2844 νουσι
239 2799 393 2852 ἐόντες.
434 2798 707 2855 ἀποθνήσκει
735 2799 777 2841 δὲ
799 2798 1045 2854 Μαρδόνιος
1072 2795 1158 2840 ὑπὸ
1175 2795 1450 2852 Ἀριμνήστου

1467 777 1500 802 62

1473 1728 1506 1751 63

1477 2405 1508 2429 6-1
