1747 3293
503 276 816 311 ΗΡΟΔΟΤΟΥ
846 277 892 311 Η.
918 277 1065 312 83-88.
1387 268 1469 310 135

105 344 309 400 τοιαύτην
336 342 446 398 εἶχον
471 341 582 402 ἤπερ
609 345 793 402 εἴρηται,
824 347 957 401 χωρὶς
983 346 1028 388 δὲ
1049 345 1209 403 χρυσόν
1234 362 1280 388 τε
1305 343 1469 389 πολλὸν

106 413 177 454 καὶ
192 409 392 468 ἄφθονον
406 411 570 466 ἔχοντες
585 412 834 470 ἐνέπρεπον.
863 411 1122 471 ἁρμαμάξας
1135 430 1181 456 τε
1197 410 1288 468 ἅμα
1300 411 1466 470 ἤγοντο,

106 478 148 522 ἓν
175 478 470 531 δὲπαλλακὰς
493 481 566 522 καὶ
589 484 837 538 θεραπηίην
863 481 1025 538 πολλήν
1049 497 1095 524 τε
1119 481 1191 524 καὶ
1222 475 1268 524 εὖ
1294 479 1470 524 ἐσκευα-

106 550 273 602 σμένην.
312 555 412 590 σῖτα
438 548 486 590 δέ
511 564 603 604 σφι,
620 550 760 609 χωρὶς
785 553 869 591 τιῦν
895 545 1034 591 ἄλλων
1055 552 1365 606 στρατιωτέων,
1393 549 1470 591 κά-

104 615 234 670 μηλοί
257 631 303 657 τε
328 617 399 657 καὶ
424 613 640 670 ὑποζύγια
664 609 779 672 ἦγον.

185 679 377 725 Ἱππεύει
397 682 444 725 δὲ
462 687 599 724 ταῦτα
618 681 671 724 τὰ
693 682 843 725 ἔθνεα·
869 682 980 739 πλὴν
1001 681 1049 725 οὗ
1071 683 1216 726 πάντα
1236 687 1466 740 παρείχετο

104 749 256 802 ἵππον,
285 746 394 792 ἀλλὰ
411 750 571 792 τοσάδε
589 753 740 803 μοῦνα,
767 753 933 806 Πέρσαι
951 751 1029 803 μὲν
1047 749 1121 805 τὴν
1142 748 1272 807 αὐτὴν
1292 750 1467 794 ἐσκευα-

105 820 254 872 σμένοι
278 818 349 859 καὶ
375 813 398 860 ὃ
425 816 555 868 πεζὸς
581 814 742 859 αὐτῶν·
769 815 880 873 πλὴν
907 815 981 859 ἐπὶ
1000 820 1099 873 τῇσι
1120 819 1335 874 κεφαλῇσι
1355 815 1466 871 εἶχον

102 886 370 940 μετεξέτεροι
401 881 542 926 αὐτῶν
572 885 644 926 καὶ
672 884 832 936 χάλκεα
863 885 935 926 καὶ
967 883 1146 939 σιδήρεα
1182 883 1467 940 ἐξεληλαμένα

103 953 340 1009 ποιήματα.
401 950 485 994 εἰσὶ
517 951 564 993 δέ
598 967 710 1002 τινες
740 951 924 1005 νομάδες
961 948 1197 1007 ἄνθρωποι
1227 952 1467 1009 Σαγάρτιοι

104 1019 370 1073 καλεόμενοι,
399 1017 528 1068 ἔθνος
551 1018 628 1072 μὲν
646 1017 856 1076 Περσικὸν
880 1020 952 1061 καὶ
978 1022 1114 1076 φωνῇ,
1144 1017 1293 1075 σκευὴν
1321 1019 1368 1062 δὲ
1390 1036 1468 1073 με-

101 1085 207 1139 ταξὺ
231 1086 376 1139 ἔχουσι
396 1085 691 1142 πεποιημένην
710 1089 786 1142 τῆς
804 1102 850 1128 τε
864 1091 1075 1143 Περσικῆς
1093 1087 1165 1129 καὶ
1183 1091 1259 1143 τῆς
1277 1095 1462 1130 Πακτυϊ-

103 1159 196 1212 κῆς,
226 1156 269 1197 οἳ
294 1157 552 1209 παρείχοντο
577 1153 653 1207 μὲν
679 1153 818 1196 ἵππον
845 1150 1171 1210 ὀκτακισχιλίην,
1200 1151 1318 1197 ὅπλα
1344 1155 1391 1198 δὲ
1416 1152 1465 1198 οὗ

101 1221 325 1276 νομίζουσι
350 1220 457 1274 ἔχειν
478 1219 576 1263 οὔτε
590 1221 750 1274 χάλκεα
770 1218 867 1264 οὔτε
888 1222 1067 1279 σιδήρεα
1088 1221 1166 1274 ἔξω
1188 1221 1463 1280 ἐγχειριδίων,

98 1293 297 1348 χρέονται
328 1289 374 1331 δὲ
405 1293 575 1345 σειρῇσι
605 1291 927 1345 πεπλεγμένῃσι
959 1288 1006 1342 ἒξ
1037 1289 1246 1343 ἱμάντων·
1283 1291 1465 1347 ταύτῃσι

101 1361 280 1400 πίσυνοι
304 1355 498 1413 ἔρχονται
524 1355 566 1406 ἐς
590 1356 802 1410 πόλεμον·
833 1355 857 1412 ἡ
885 1356 931 1398 δὲ
954 1357 1067 1413 μάχη
1093 1357 1255 1400 τούτων
1279 1362 1365 1401 ’τῶν
1391 1356 1464 1400 άν-

102 1425 215 1480 δριῦν
239 1420 328 1480 ἥδε.
367 1422 498 1466 ε’πεὰν
525 1428 802 1478 συμμίσγωσι
819 1432 937 1466 τοῖσι
958 1425 1223 1478 πολεμίοισι,
1250 1424 1464 1479 βάλλουσι

56 1538 59 1541 ,
99 1491 179 1542 τὰς
209 1489 357 1546 σειρὰς
388 1488 453 1534 ἐπ’
471 1489 586 1547 ἄκρῳ
617 1491 802 1546 βρόχους
833 1490 1034 1544 ἐχούσας·
1074 1488 1171 1535 ὅτευ
1206 1489 1245 1534 δ’
1264 1490 1315 1535 ἂν
1345 1492 1461 1548 τύχῃ,

100 1558 150 1615 ἤν
173 1575 220 1602 τε
244 1558 386 1602 ἵππου
414 1557 461 1614 ἢν
485 1575 530 1600 τε
557 1556 818 1614 ἀνθρώπου,
847 1556 912 1601 ἐπ’
930 1558 1090 1602 ἑωυτὸν
1116 1559 1245 1602 ἕλκει·
1280 1559 1322 1602 οἱ
1348 1560 1394 1602 δὲ
1421 1559 1462 1603 ἒν

102 1626 243 1684 ἕρκεσι
268 1624 650 1680 ἐμπαλασσόμενοι
676 1626 1026 1682 διαφθείρονται.
1075 1626 1240 1669 τούτων
1259 1627 1336 1681 μὲν
1356 1624 1461 1684 αὕτη

100 1693 125 1751 ἡ
151 1694 278 1750 μάχη,
305 1695 377 1736 καὶ
402 1692 692 1746 ἐπετετάχατο
719 1693 761 1744 ἐς
785 1692 886 1744 τοὺς
910 1697 1100 1749 Πέρσας,
1126 1695 1270 1750 Μῆδοι
1296 1694 1342 1737 δὲ
1367 1692 1463 1751 τήν-

100 1779 184 1819 περ
202 1761 249 1805 ἐν
267 1765 329 1817 τῷ
349 1761 466 1817 πεζῷ
487 1759 599 1814 εἶχον
615 1761 778 1816 σκευήν,
805 1762 876 1803 καὶ
889 1765 1065 1804 Κίσσιοι
1088 1759 1311 1813 ὡσαύτως.
1340 1759 1463 1805 Ἰνδοὶ

102 1831 149 1873 δὲ
174 1833 302 1886 σκευῇ
326 1829 402 1882 μὲν
428 1827 664 1881 ἐσεσάχατο
690 1832 740 1884 τῇ
762 1825 869 1885 αὐτῇ
888 1829 960 1870 καὶ
981 1827 1023 1871 ἐν
1041 1832 1103 1884 τῷ
1124 1829 1254 1884 πεζῷ,
1282 1827 1462 1885 ἤλαυνον

101 1898 148 1940 δὲ
183 1898 360 1953 κέλητας
395 1898 466 1939 καὶ
504 1892 697 1952 ἅρματα·
736 1893 822 1938 ὑπὸ
861 1895 907 1938 δὲ
937 1903 1054 1939 τοῖσι
1091 1892 1255 1952 ἅρμασι
1291 1894 1461 1953 ὑπῆσαν

99 1965 236 2008 ἵπποι
260 1965 331 2006 καὶ
357 1960 449 2006 ὄνοι
474 1960 632 2019 ἄγριοι.
669 1963 878 2020 Βάκτριοι
904 1963 950 2006 δὲ
971 1962 1232 2006 ἐσκευάδατο
1255 1961 1463 2015 ώσαύτως

99 2035 171 2075 καὶ
203 2031 245 2075 ἓν
275 2035 336 2087 τῷ
373 2031 509 2087 πεζῷ,
547 2032 618 2073 καὶ
648 2031 847 2074 Κάσπιοι
883 2028 1059 2085 ὁμοίως.
1119 2034 1279 2086 Λίβυες
1316 2031 1361 2074 δὲ
1391 2034 1461 2075 καὶ

100 2098 224 2143 αὐτοὶ
249 2099 442 2155 κατάπερ
471 2098 512 2141 ἕν
536 2103 597 2154 τῷ
624 2099 761 2154 πεζῷ·
789 2095 968 2154 ἤλαυνον
994 2099 1041 2141 δὲ
1064 2100 1135 2141 καὶ
1161 2092 1282 2141 οὗτοι
1302 2099 1462 2150 πάντες

101 2164 286 2225 ἅρματα.
326 2166 385 2217 ὣς
411 2164 451 2208 δ’
471 2162 612 2217 αὕτως
631 2166 827 2209 Κάσπιοι
853 2168 924 2209 καὶ
943 2166 1199 2223 Παρικάνιοι
1225 2165 1461 2220 ἐσεσάχατο

100 2233 263 2289 ὁμοίως
287 2236 359 2276 καὶ
385 2233 426 2277 ἐν
451 2238 511 2289 τῷ
537 2233 668 2289 πεζῷ.
702 2231 893 2290 Ἀράβιοι
919 2234 965 2276 δὲ
991 2232 1142 2290 σκευὴν
1159 2233 1235 2287 μὲν
1255 2231 1367 2287 εἶχον
1386 2233 1462 2290 τὴν

100 2300 230 2358 αὐτὴν
254 2303 327 2344 καὶ
352 2300 394 2344 ἐν
413 2305 473 2356 τῷ
493 2301 623 2357 πεζῷ,
651 2300 833 2357 ἤλαυνον
854 2302 900 2344 δὲ
919 2302 1078 2352 πάντες
1098 2301 1314 2357 καμήλους
1332 2318 1462 2355 ταχυ-

99 2373 206 2426 τῆτα
231 2366 279 2412 οὗ
306 2370 564 2422 λειπομένας
588 2368 752 2411 ἵππων.

1491 697 1525 723 84

1491 965 1523 990 85

1489 1641 1521 1667 86

190 2439 334 2479 Ταῦτα
352 2434 406 2478 τὰ
427 2435 558 2478 ἔθνεα
576 2439 714 2490 μοῦνα
735 2435 925 2487 ἱππεύει,
949 2433 1142 2491 ἀριθμὸς
1163 2436 1208 2477 δὲ
1226 2438 1301 2491 τῆς
1314 2435 1458 2479 ἵππου
1485 2448 1517 2475 87

101 2503 264 2559 ἐγένετο
291 2500 402 2545 ὂκτὼ
427 2502 651 2558 μυριάδες,
680 2502 821 2559 πάρεξ
842 2506 927 2545 τιῦν
952 2503 1152 2558 καμήλων
1177 2504 1248 2545 καὶ
1272 2506 1358 2545 τιῦν
1384 2500 1462 2559 ἆρ-

100 2571 263 2625 μάτων.
319 2569 360 2612 οἱ
384 2572 460 2623 μέν
483 2586 554 2612 νυν
580 2567 704 2612 ἄλλοι
737 2569 892 2619 ἱππέες
923 2568 1151 2622 ἐτετάχατο
1183 2567 1291 2611 κατὰ
1321 2571 1458 2623 τέλεα,

99 2637 292 2693 Ἄράβιοι
323 2637 369 2679 δὲ
400 2636 573 2690 ἔσχατοι
610 2635 918 2689 ἐπετετάχατο·
957 2633 1031 2679 ἅτε
1067 2635 1146 2693 γὰρ
1184 2641 1270 2680 τῶν
1307 2636 1460 2681 ἵππων

103 2703 198 2748 οὔτι
218 2703 479 2758 ἀνεχομένων
498 2702 574 2754 τὰς
592 2703 820 2759 καμήλους,
847 2700 1021 2760 ὕστεροι
1042 2702 1284 2757 ἐτετάχατο,
1312 2704 1382 2747 ἵνα
1399 2704 1459 2762 μὴ

102 2776 309 2830 φοβέοιτο
335 2770 383 2815 τὸ
413 2771 604 2815 ἱππικόν.
654 2771 869 2828 ἵππαρχοι
896 2771 941 2814 δὲ
968 2764 1074 2828 ἦσαν
1095 2769 1390 2830 ,Ἁρμαμίθρης
1413 2790 1460 2817 τε
1485 2788 1518 2814 88
