1747 3293
484 237 799 273 ΗΡΟΔΟΤΟΥ
829 239 875 273 Η.
903 239 1093 274 184-187.
1392 230 1473 271 173

112 305 345 359 ἐξαναχθὲν
373 306 554 363 εἴρηται,
583 303 681 349 ἄνευ
707 323 754 349 τε
778 312 853 364 τῆς
878 311 1126 364 θεραπηίης
1155 312 1230 364 τῆς
1262 307 1473 364 ἑπομένης

109 375 182 415 καὶ
205 376 291 415 τῶν
317 377 569 429 σιταγωγῶν
593 375 761 417 πλοίων
786 377 858 417 καὶ
889 372 988 418 ὅσοι
1013 375 1226 418 ἐνέπλωον
1258 376 1469 419 τούτοισι.

109 439 159 483 τὸ
186 440 232 483 δὲ
258 439 308 497 δὴ
336 440 380 483 ἐκ
404 445 479 496 τῆς
497 438 718 498 Εὐρώπης
743 441 951 498 ἀγόμενον
977 443 1221 500 στράτευμα
1247 443 1311 486 ἔτι
1335 459 1473 500 προσ-
1498 455 1546 481 185

108 509 312 563 λογιστέα
335 508 477 564 τούτῳ
504 510 636 552 παντὶ
661 514 722 565 τῷ
749 509 1099 567 ἐξηριθμημένῳ·
1134 510 1308 567 δόκησιν
1335 511 1381 553 δὲ
1407 511 1475 553 δεῖ

107 576 258 630 λέγειν.
307 579 404 627 νέας
427 579 505 630 μέν
530 593 601 618 νυν
627 576 670 619 οἱ
695 575 784 620 ἀπὸ
808 581 988 634 Θρηίκης
1002 575 1198 634 (Έλληνες
1222 580 1293 621 καὶ
1319 577 1363 621 ἐκ
1386 582 1472 620 τῶν

106 642 248 698 νήσων
273 647 358 686 τῶν
385 642 665 697 ἐπικειμένων
689 649 741 701 τῇ
769 649 924 701 Θρηίκῃ
951 649 1208 700 παρείχοντο
1241 646 1377 689 ε’ίκοσι
1402 647 1474 688 καὶ

108 708 278 753 ἑκατόν·
313 709 358 753 ἐκ
388 714 464 765 μέν
490 728 560 754 νυν
585 711 748 753 τούτων
779 716 864 754 τῶν
889 716 994 754 νεῶν
1026 710 1177 767 ἄνδρες
1206 716 1473 768 τετρακισχί-

106 777 195 819 λιοι
218 778 291 820 καὶ
317 778 541 834 δισμύριοι
564 781 765 832 γίνονται.
826 779 960 830 πεζοῦ
987 779 1032 821 δὲ
1057 778 1130 821 τὸν
1159 780 1334 836 Θρήικες
1359 797 1474 835 παρ-

107 848 271 897 είχοντο
309 847 380 887 καὶ
416 848 599 895 Παίονες
635 846 706 886 καὶ
738 843 904 901 Ἐορδοὶ
941 847 1011 887 καὶ
1052 852 1280 889 Βοττιαῖοι
1316 849 1387 889 καὶ
1423 843 1472 890 τὸ

105 912 365 954 Χαλκιδικὸν
394 915 514 967 γένος
545 913 616 953 καὶ
645 912 806 967 Βρύγοι
836 914 907 954 καὶ
938 916 1091 968 Πίερες
1125 915 1196 955 καὶ
1227 913 1472 964 Μακεδόνες

105 980 177 1022 καὶ
195 981 434 1034 Περραιβοὶ
459 980 532 1021 καὶ
547 976 726 1034 Ἐνιῆνες
750 981 822 1021 καὶ
843 980 1041 1030 Δόλοπες
1066 982 1138 1022 καὶ
1156 980 1380 1036 Μάγνητες
1400 983 1473 1023 καὶ

101 1044 262 1099 Ἀχαιοὶ
275 1048 345 1089 καὶ
361 1043 458 1090 ὅσοι
470 1050 546 1103 τῆς
562 1049 740 1103 Θρηίκης
758 1045 831 1102 την
845 1049 1061 1103 παραλίην
1075 1046 1287 1101 νέμονται,
1308 1049 1472 1090 τούτων

105 1118 191 1157 τῶν
219 1113 382 1157 ἐθνέων
412 1114 640 1170 τριήκοντα
670 1113 885 1171 μυριάδας
917 1115 1050 1157 δοκέω
1082 1118 1302 1171 γενέσθαι.
1342 1109 1471 1158 αῦται

105 1175 164 1224 ῶν
189 1181 235 1224 αἱ
257 1182 464 1238 μυριάδες
490 1180 672 1237 ἐκείνῃσι
696 1186 1016 1238 προστεθεῖσαι
1041 1187 1142 1239 τῇσι
1168 1182 1212 1225 ἐκ
1236 1187 1311 1239 τῆς
1332 1181 1472 1239 Σίσίης

103 1252 294 1304 γίνονται
319 1248 366 1291 αἱ
389 1253 533 1292 πᾶσαι
559 1246 724 1305 ἀνδρῶν
751 1249 796 1291 αἱ
814 1250 998 1304 μάχιμοι
1016 1251 1224 1307 μυριάδες
1245 1251 1466 1307 διηκόσιαι

105 1318 177 1358 καὶ
203 1315 404 1372 ἑξήκοντα
427 1318 498 1358 καὶ
522 1319 731 1370 τέσσερες,
761 1316 905 1360 ἔπεισι
925 1318 971 1360 δὲ
990 1318 1172 1374 ταύτῃσι
1192 1317 1470 1368 ἑκατοντάδες

107 1382 331 1426 ἑκκαίδεκα
357 1386 427 1426 καὶ
455 1384 592 1435 δεκάς.
642 1388 719 1426 τοῦ
743 1388 931 1438 μαχίμου
961 1385 1006 1426 δὲ
1030 1385 1185 1427 τούτου
1213 1385 1357 1436 ἐόντος
1378 1383 1473 1442 ‘319‘-
1499 1398 1549 1425 186

105 1449 224 1504 θμὸν
248 1451 474 1503 τοσούτου,
502 1450 576 1507 τὴν
598 1455 844 1508 θεραπηίην
863 1451 936 1507 τὴν
958 1451 1168 1509 ἑπομένην
1188 1453 1384 1496 τούτοισι
1403 1456 1474 1496 καὶ

105 1517 207 1568 τοὺς
233 1517 275 1560 ἐν
300 1527 418 1562 τοῖσι
450 1527 732 1574 σιταγωγοῖσι
765 1518 966 1562 ἀκάτοισι
999 1519 1147 1570 ἐόντας
1178 1522 1249 1563 καὶ
1280 1521 1398 1575 μάλα
1431 1520 1472 1563 ἐν

105 1594 222 1628 τοῖσι
255 1583 427 1629 ἄλλοισι
458 1587 658 1629 πλοίοισι
694 1595 810 1630 τοῖσι
843 1584 932 1640 ἅμα
964 1587 1165 1630 πλώουσι
1196 1592 1246 1645 τῇ
1280 1592 1470 1645 στρατιῇ,

105 1654 287 1705 τούτους
311 1658 396 1696 τῶν
427 1657 626 1708 μαχίμων
659 1652 824 1710 ἀνδρῶν
858 1653 905 1696 ού
935 1655 1068 1697 δοκέω
1096 1653 1205 1698 εἶναι
1238 1654 1474 1706 ἐλάσσονας

107 1719 216 1764 ἀλλὰ
241 1723 439 1772 πλεῦνας.
478 1724 547 1764 καὶ
575 1722 624 1778 δή
654 1738 791 1778 σφεας
817 1726 954 1764 ποιέω
981 1723 1105 1773 ἰ’σους
1126 1721 1326 1766 ἐκείνοισι
1347 1721 1470 1774 εἶναι,

105 1790 178 1832 καὶ
211 1786 308 1832 οὕτε
333 1790 520 1839 πλεῦνας
547 1786 644 1832 οὔτε
678 1788 914 1840 ἐλάσσονας
946 1787 1087 1831 οὐδέν·
1126 1789 1394 1844 ἐξισούμενοι
1427 1791 1474 1832 δὲ

107 1851 228 1900 οῦτοι
264 1861 326 1912 τῷ
362 1862 537 1912 μαχίμῳ
576 1856 839 1912 ἐκπληροῦσι
870 1856 1075 1907 τὰς,ἴσας
1110 1857 1326 1912 μυριάδας
1364 1857 1471 1900 ἐκεί-

104 1941 215 1981 νῃσι.
265 1921 377 1967 οὕτω
404 1928 690 1975 πεντακοσίας
714 1941 760 1967 τε
778 1925 993 1980 μυριάδας
1013 1926 1083 1966 καὶ
1104 1925 1240 1967 εἴκοσι
1260 1929 1330 1966 καὶ
1359 1923 1469 1967 &aab

105 1995 178 2035 καὶ
198 1992 400 2046 χιλιάδας
427 2000 539 2046 τρεῖς
563 1994 633 2034 καὶ
660 1991 946 2042 ἑκατοντάδας
972 1992 1048 2034 δύο
1079 1994 1150 2035 καὶ
1183 1992 1365 2043 δεκάδας
1393 1993 1469 2035 δύο

108 2059 274 2117 ἀνδρῶν
298 2057 429 2116 ἤγαγε
448 2058 607 2117 Ξέρξης
633 2057 655 2103 ὃ
677 2063 863 2115 Δαρείου
889 2063 1014 2114 μέχρι
1033 2060 1260 2116 Σηπιάδος
1279 2062 1349 2103 καὶ
1372 2067 1473 2117 Θερ-

106 2127 350 2182 μοπυλέων.
412 2121 539 2178 οὗτος
574 2127 649 2181 μὲν
688 2125 738 2182 δη
775 2131 849 2170 τοῦ
888 2127 1159 2178 συνάπαντος
1196 2132 1273 2170 τοῦ
1303 2130 1470 2183 Ξέρξεω
1500 2141 1546 2166 18⁷

108 2196 431 2252 στρατεύματος
457 2193 663 2252 ἀριθμός,
690 2199 900 2250 γυναικῶν
927 2195 973 2237 δὲ
999 2199 1238 2238 σιτοποιῶν
1264 2197 1334 2238 καὶ
1360 2198 1472 2238 παλ-

107 2262 269 2306 λακέων
298 2265 369 2306 καὶ
402 2261 611 2316 εὐνούχων
644 2260 785 2312 οὐδεὶς
818 2260 868 2304 ἂν
894 2262 1015 2305 ε’ίποι
1047 2260 1225 2319 ἀτρεκέα
1257 2261 1469 2320 ἀριθμόν·

110 2328 202 2374 οὐδ’
221 2324 275 2373 αὖ
302 2328 543 2386 ὑποζυγίων
568 2346 614 2372 τε
640 2331 710 2372 καὶ
734 2334 818 2372 τῶν
846 2328 985 2373 ἄλλων
1000 2321 1192 2386 ’κτηνέων
1223 2335 1308 2373 τῶν
1335 2328 1473 2384 ἄχθο-

110 2398 260 2455 φόρων
284 2400 356 2440 καὶ
379 2402 513 2441 κυνῶν
535 2396 715 2441 Ἰνδικῶν
741 2401 825 2440 τῶν
852 2396 1085 2451 ἑπομένων,
1122 2395 1215 2439 οὐδ’
1234 2395 1284 2441 ἂν
1309 2397 1473 2440 τούτων

109 2463 197 2507 ὑπὸ
224 2465 422 2520 πλήθεος
448 2463 588 2515 οὐδεὶς
615 2462 665 2506 ἂν
692 2465 812 2507 ε’ίποι
839 2462 1043 2520 ἀριθμόν.
1106 2462 1216 2506 ὥστε
1250 2462 1372 2507 οὐδέν
1395 2481 1473 2519 μοι

111 2536 248 2585 θῶμα
278 2535 546 2588 παρίσταται
577 2532 817 2585 προδοῦναι
853 2531 907 2574 τὰ
944 2531 1106 2589 ῥέεθρα
1142 2536 1227 2574 τῶν
1264 2536 1473 2586 ποταμῶν

112 2599 205 2642 ἔστι
234 2603 332 2651 τῶν,
367 2597 476 2641 ἀλλὰ
506 2600 668 2652 μᾶλλον
701 2596 811 2649 ὅκως
842 2598 894 2641 τὰ
928 2602 1045 2641 σιτία
1077 2596 1304 2656 ἀντέχρησε
1336 2600 1472 2653 θῶμά

111 2683 188 2720 μοι
212 2667 395 2724 μυριάσι
421 2667 667 2722 τοσαύτῃσι.
730 2664 910 2723 εὑρίσκω
937 2665 1017 2722 γὰρ
1045 2667 1406 2721 συμβαλλόμενος,
1436 2667 1474 2710 εί

109 2738 277 2787 χοίνικα
308 2739 457 2792 πυρῶν
490 2734 667 2785 ἕκαστος
698 2738 772 2790 τῆς
804 2731 962 2791 ἡμέρης
994 2733 1205 2789 ἐλάμβανε
1236 2736 1306 2777 καὶ
1341 2735 1472 2791 μηδὲν
