<?xml version="1.0" encoding="UTF-8"?>
<!DOCTYPE html PUBLIC "-//W3C//DTD XHTML 1.0 Transitional//EN"
    "http://www.w3.org/TR/xhtml1/DTD/xhtml1-transitional.dtd">
<html xmlns="http://www.w3.org/1999/xhtml" xml:lang="en" lang="en">
 <head>
  <title>
</title>
<meta http-equiv="Content-Type" content="text/html;charset=utf-8" />
  <meta name='ocr-system' content='tesseract 3.04.00' />
  <meta name='ocr-capabilities' content='ocr_page ocr_carea ocr_par ocr_line ocrx_word'/>
</head>
<body>
  <div class='ocr_page' id='page_1' title='image "./herodotihistori02herouoft_0115.png"; bbox 0 0 1747 3293; ppageno 0'>
   <div class='ocr_carea' id='block_1_1' title="bbox 23 1690 1435 1884">
    <p class='ocr_par' dir='ltr' id='par_1_1' title="bbox 23 1690 1435 1884">
     <span class='ocr_line' id='line_1_1' title="bbox 23 1690 1430 1750; baseline -0.001 -14"><span class='ocrx_word' id='word_1_1' title='bbox 23 1697 26 1710; x_wconf 85' lang='lat'>¹</span> <span class='ocrx_word' id='word_1_2' title='bbox 74 1694 334 1736; x_wconf 81' lang='grc' dir='ltr'><em>ἱλάσκονται.</em></span> <span class='ocrx_word' id='word_1_3' title='bbox 395 1693 493 1736; x_wconf 87' lang='grc' dir='ltr'><em>τότε</em></span> <span class='ocrx_word' id='word_1_4' title='bbox 533 1693 579 1735; x_wconf 83' lang='grc' dir='ltr'><em>δὲ</em></span> <span class='ocrx_word' id='word_1_5' title='bbox 610 1695 838 1750; x_wconf 69' lang='grc' dir='ltr'><em>πεμφθεὶς</em></span> <span class='ocrx_word' id='word_1_6' title='bbox 874 1690 960 1735; x_wconf 70' lang='grc' dir='ltr'><em>ὑπὸ</em></span> <span class='ocrx_word' id='word_1_7' title='bbox 998 1697 1084 1736; x_wconf 82' lang='grc' dir='ltr'><em>τῶν</em></span> <span class='ocrx_word' id='word_1_8' title='bbox 1123 1696 1371 1748; x_wconf 82' lang='grc' dir='ltr'><em>στρατηγῶν</em></span> <span class='ocrx_word' id='word_1_9' title='bbox 1409 1710 1430 1735; x_wconf 93' lang='grc' dir='ltr'><em>ο</em></span> 
     </span>
     <span class='ocr_line' id='line_1_2' title="bbox 23 1754 1430 1816; baseline -0.003 -11"><span class='ocrx_word' id='word_1_10' title='bbox 23 1765 26 1807; x_wconf 73' lang='lat' dir='ltr'>J</span> <span class='ocrx_word' id='word_1_11' title='bbox 76 1761 367 1816; x_wconf 78' lang='grc' dir='ltr'><em>Φειδιππίδης</em></span> <span class='ocrx_word' id='word_1_12' title='bbox 388 1754 526 1812; x_wconf 70' lang='grc' dir='ltr'><em>οὗτος,</em></span> <span class='ocrx_word' id='word_1_13' title='bbox 556 1757 627 1803; x_wconf 81' lang='grc' dir='ltr'><em>ὅτε</em></span> <span class='ocrx_word' id='word_1_14' title='bbox 645 1764 728 1815; x_wconf 88' lang='grc' dir='ltr'><em>πέρ</em></span> <span class='ocrx_word' id='word_1_15' title='bbox 750 1760 791 1803; x_wconf 84' lang='grc' dir='ltr'><em>οἱ</em></span> <span class='ocrx_word' id='word_1_16' title='bbox 812 1760 893 1816; x_wconf 75' lang='grc' dir='ltr'><em>ἔφη</em></span> <span class='ocrx_word' id='word_1_17' title='bbox 914 1761 985 1802; x_wconf 85' lang='grc' dir='ltr'><em>καὶ</em></span> <span class='ocrx_word' id='word_1_18' title='bbox 1002 1758 1076 1802; x_wconf 87' lang='grc' dir='ltr'><em>τὸν</em></span> <span class='ocrx_word' id='word_1_19' title='bbox 1088 1763 1212 1802; x_wconf 85' lang='grc' dir='ltr'><em>Πᾶνα</em></span> <span class='ocrx_word' id='word_1_20' title='bbox 1232 1764 1430 1816; x_wconf 80' lang='grc' dir='ltr'><em>φανῆναι,</em></span> 
     </span>
     <span class='ocr_line' id='line_1_3' title="bbox 75 1821 1435 1884; baseline -0.001 -13"><span class='ocrx_word' id='word_1_21' title='bbox 75 1829 320 1884; x_wconf 78' lang='grc' dir='ltr'><em>δευτεραῖος</em></span> <span class='ocrx_word' id='word_1_22' title='bbox 346 1827 389 1871; x_wconf 80' lang='grc' dir='ltr'><em>ἐκ</em></span> <span class='ocrx_word' id='word_1_23' title='bbox 413 1832 487 1870; x_wconf 87' lang='grc' dir='ltr'><em>τοῦ</em></span> <span class='ocrx_word' id='word_1_24' title='bbox 509 1825 748 1883; x_wconf 67' lang='grc' dir='ltr'><em>ᾍθηναίων</em></span> <span class='ocrx_word' id='word_1_25' title='bbox 775 1827 928 1878; x_wconf 79' lang='grc' dir='ltr'><em>ἄστεος</em></span> <span class='ocrx_word' id='word_1_26' title='bbox 954 1821 1001 1882; x_wconf 73' lang='grc' dir='ltr'><em>ἦν</em></span> <span class='ocrx_word' id='word_1_27' title='bbox 1027 1826 1069 1869; x_wconf 77' lang='grc' dir='ltr'><em>ἐν</em></span> <span class='ocrx_word' id='word_1_28' title='bbox 1093 1827 1294 1883; x_wconf 80' lang='grc' dir='ltr'><em>Σπάρτῃ,</em></span> <span class='ocrx_word' id='word_1_29' title='bbox 1329 1825 1435 1870; x_wconf 81' lang='grc' dir='ltr'><em>άπι-</em></span> 
     </span>
    </p>
   </div>
   <div class='ocr_carea' id='block_1_2' title="bbox 0 0 48 2845">
    <p class='ocr_par' dir='ltr' id='par_1_2' title="bbox 0 0 48 2845">
     <span class='ocr_line' id='line_1_4' title="bbox 0 0 48 2845; baseline 0 0"><span class='ocrx_word' id='word_1_30' title='bbox 0 0 48 2845; x_wconf 95' lang='lat' dir='ltr'><em> </em></span> 
     </span>
    </p>
   </div>
   <div class='ocr_carea' id='block_1_3' title="bbox 439 263 1425 310">
    <p class='ocr_par' dir='ltr' id='par_1_3' title="bbox 439 263 1425 310">
     <span class='ocr_line' id='line_1_5' title="bbox 439 263 1425 310; baseline -0.003 -3"><span class='ocrx_word' id='word_1_31' title='bbox 439 273 754 310; x_wconf 76' lang='grc' dir='ltr'><strong>ΗΡΟΔΟΤΟΥ</strong></span> <span class='ocrx_word' id='word_1_32' title='bbox 785 274 823 309; x_wconf 92' lang='grc' dir='ltr'><em>Ζ.</em></span> <span class='ocrx_word' id='word_1_33' title='bbox 851 273 1043 310; x_wconf 79' lang='grc'>104-107,</span> <span class='ocrx_word' id='word_1_34' title='bbox 1371 263 1425 305; x_wconf 81' lang='grc'><em>89</em></span> 
     </span>
    </p>
   </div>
   <div class='ocr_carea' id='block_1_4' title="bbox 22 341 1425 400">
    <p class='ocr_par' dir='ltr' id='par_1_4' title="bbox 22 341 1425 400">
     <span class='ocr_line' id='line_1_6' title="bbox 22 341 1425 400; baseline -0.003 -12"><span class='ocrx_word' id='word_1_35' title='bbox 22 369 25 400; x_wconf 67' lang='lat' dir='ltr'>t</span> <span class='ocrx_word' id='word_1_36' title='bbox 62 345 227 388; x_wconf 88' lang='grc' dir='ltr'><em>πολλοῦ</em></span> <span class='ocrx_word' id='word_1_37' title='bbox 254 341 479 385; x_wconf 78' lang='grc' dir='ltr'><em>ἐποιεῦντο</em></span> <span class='ocrx_word' id='word_1_38' title='bbox 506 344 654 397; x_wconf 80' lang='grc' dir='ltr'><em>λαβεῖν</em></span> <span class='ocrx_word' id='word_1_39' title='bbox 678 359 724 386; x_wconf 90' lang='grc' dir='ltr'><em>τε</em></span> <span class='ocrx_word' id='word_1_40' title='bbox 743 345 815 386; x_wconf 81' lang='grc' dir='ltr'><em>καὶ</em></span> <span class='ocrx_word' id='word_1_41' title='bbox 835 341 1061 399; x_wconf 76' lang='grc' dir='ltr'><em>ἀναγαγεῖν</em></span> <span class='ocrx_word' id='word_1_42' title='bbox 1082 341 1203 400; x_wconf 88' lang='grc' dir='ltr'><em>παρὰ</em></span> <span class='ocrx_word' id='word_1_43' title='bbox 1221 343 1425 397; x_wconf 81' lang='grc' dir='ltr'><em>βασιλέα·</em></span> 
     </span>
    </p>
   </div>
   <div class='ocr_carea' id='block_1_5' title="bbox 62 409 1428 603">
    <p class='ocr_par' dir='ltr' id='par_1_5' title="bbox 62 409 1428 603">
     <span class='ocr_line' id='line_1_7' title="bbox 63 409 1426 467; baseline -0.003 -12"><span class='ocrx_word' id='word_1_44' title='bbox 63 409 154 466; x_wconf 80' lang='grc' dir='ltr'><em>ἅμα</em></span> <span class='ocrx_word' id='word_1_45' title='bbox 180 411 226 454; x_wconf 82' lang='grc' dir='ltr'><em>δὲ</em></span> <span class='ocrx_word' id='word_1_46' title='bbox 252 409 492 467; x_wconf 79' lang='grc' dir='ltr'><em>ἐκφυγόντα</em></span> <span class='ocrx_word' id='word_1_47' title='bbox 516 426 563 454; x_wconf 89' lang='grc' dir='ltr'><em>τε</em></span> <span class='ocrx_word' id='word_1_48' title='bbox 587 411 767 462; x_wconf 81' lang='grc' dir='ltr'><em>τούτους</em></span> <span class='ocrx_word' id='word_1_49' title='bbox 787 412 858 453; x_wconf 86' lang='grc' dir='ltr'><em>καὶ</em></span> <span class='ocrx_word' id='word_1_50' title='bbox 878 409 1142 465; x_wconf 80' lang='grc' dir='ltr'><em>ἀπικόμενον</em></span> <span class='ocrx_word' id='word_1_51' title='bbox 1163 409 1205 461; x_wconf 71' lang='grc' dir='ltr'><em>ἐς</em></span> <span class='ocrx_word' id='word_1_52' title='bbox 1223 409 1298 466; x_wconf 79' lang='grc' dir='ltr'><em>τὴν</em></span> <span class='ocrx_word' id='word_1_53' title='bbox 1319 409 1426 452; x_wconf 80' lang='grc' dir='ltr'><em>ἑωυ-</em></span> 
     </span>
     <span class='ocr_line' id='line_1_8' title="bbox 62 476 1427 535; baseline -0.001 -13"><span class='ocrx_word' id='word_1_54' title='bbox 62 483 140 523; x_wconf 84' lang='grc' dir='ltr'><em>τοῦ</em></span> <span class='ocrx_word' id='word_1_55' title='bbox 172 478 375 521; x_wconf 83' lang='grc' dir='ltr'><em>δοκέοντά</em></span> <span class='ocrx_word' id='word_1_56' title='bbox 406 494 452 521; x_wconf 85' lang='grc' dir='ltr'><em>τε</em></span> <span class='ocrx_word' id='word_1_57' title='bbox 479 476 589 522; x_wconf 81' lang='grc' dir='ltr'><em>εἶναι</em></span> <span class='ocrx_word' id='word_1_58' title='bbox 620 477 662 521; x_wconf 76' lang='grc' dir='ltr'><em>ἐν</em></span> <span class='ocrx_word' id='word_1_59' title='bbox 689 483 877 535; x_wconf 80' lang='grc' dir='ltr'><em>σωτηρίῃ</em></span> <span class='ocrx_word' id='word_1_60' title='bbox 908 476 1008 535; x_wconf 71' lang='grc' dir='ltr'><em>ἤδη,</em></span> <span class='ocrx_word' id='word_1_61' title='bbox 1046 477 1096 521; x_wconf 89' lang='grc' dir='ltr'><em>τὸ</em></span> <span class='ocrx_word' id='word_1_62' title='bbox 1131 477 1330 521; x_wconf 71' lang='grc' dir='ltr'><em>ἐνθεῦτέν</em></span> <span class='ocrx_word' id='word_1_63' title='bbox 1354 495 1427 532; x_wconf 89' lang='grc' dir='ltr'><em>μιν</em></span> 
     </span>
     <span class='ocr_line' id='line_1_9' title="bbox 63 542 1428 603; baseline -0.003 -12"><span class='ocrx_word' id='word_1_64' title='bbox 63 547 106 592; x_wconf 80' lang='grc' dir='ltr'><em>οἱ</em></span> <span class='ocrx_word' id='word_1_65' title='bbox 131 546 285 603; x_wconf 75' lang='grc' dir='ltr'><em>ε’χθροὶ</em></span> <span class='ocrx_word' id='word_1_66' title='bbox 308 543 626 600; x_wconf 80' lang='grc' dir='ltr'><em>ὑποδεξάμενοι</em></span> <span class='ocrx_word' id='word_1_67' title='bbox 650 548 721 589; x_wconf 81' lang='grc' dir='ltr'><em>καὶ</em></span> <span class='ocrx_word' id='word_1_68' title='bbox 746 544 834 589; x_wconf 75' lang='grc' dir='ltr'><em>ὑπὸ</em></span> <span class='ocrx_word' id='word_1_69' title='bbox 862 545 1137 603; x_wconf 83' lang='grc' dir='ltr'><em>δικαστήριον</em></span> <span class='ocrx_word' id='word_1_70' title='bbox 1164 543 1294 589; x_wconf 78' lang='grc' dir='ltr'><em>αὗτὸν</em></span> <span class='ocrx_word' id='word_1_71' title='bbox 1320 542 1428 602; x_wconf 79' lang='grc' dir='ltr'><em>ἄγα-</em></span> 
     </span>
    </p>
   </div>
   <div class='ocr_carea' id='block_1_6' title="bbox 21 611 1427 806">
    <p class='ocr_par' dir='ltr' id='par_1_6' title="bbox 21 611 1427 806">
     <span class='ocr_line' id='line_1_10' title="bbox 22 611 1427 679; baseline -0.002 -21"><span class='ocrx_word' id='word_1_72' title='bbox 22 665 25 679; x_wconf 36' lang='grc' dir='ltr'><strong>Λ</strong></span> <span class='ocrx_word' id='word_1_73' title='bbox 61 616 208 671; x_wconf 86' lang='grc' dir='ltr'><em>γόντες</em></span> <span class='ocrx_word' id='word_1_74' title='bbox 234 613 415 666; x_wconf 77' lang='grc' dir='ltr'><em>ἐδίωξαν</em></span> <span class='ocrx_word' id='word_1_75' title='bbox 440 614 690 668; x_wconf 85' lang='grc' dir='ltr'><em>τυραννίδος</em></span> <span class='ocrx_word' id='word_1_76' title='bbox 714 618 790 670; x_wconf 84' lang='grc' dir='ltr'><em>τῆς</em></span> <span class='ocrx_word' id='word_1_77' title='bbox 810 613 852 656; x_wconf 80' lang='grc' dir='ltr'><em>έν</em></span> <span class='ocrx_word' id='word_1_78' title='bbox 869 613 1147 670; x_wconf 83' lang='grc' dir='ltr'><em>Χερσονήσῳ.</em></span> <span class='ocrx_word' id='word_1_79' title='bbox 1186 611 1427 670; x_wconf 79' lang='grc' dir='ltr'><em>ἀποφυγών</em></span> 
     </span>
     <span class='ocr_line' id='line_1_11' title="bbox 22 678 1424 738; baseline -0.001 -13"><span class='ocrx_word' id='word_1_80' title='bbox 22 717 25 731; x_wconf 89' lang='grc'><strong>,</strong></span> <span class='ocrx_word' id='word_1_81' title='bbox 65 684 111 726; x_wconf 85' lang='grc' dir='ltr'><em>δὲ</em></span> <span class='ocrx_word' id='word_1_82' title='bbox 147 684 217 724; x_wconf 85' lang='grc' dir='ltr'><em>καὶ</em></span> <span class='ocrx_word' id='word_1_83' title='bbox 259 682 440 732; x_wconf 81' lang='grc' dir='ltr'><em>τούτους</em></span> <span class='ocrx_word' id='word_1_84' title='bbox 477 680 714 738; x_wconf 86' lang='grc' dir='ltr'><em>στρατηγὸς</em></span> <span class='ocrx_word' id='word_1_85' title='bbox 758 678 870 724; x_wconf 67' lang='grc' dir='ltr'><em>οὕτω</em></span> <span class='ocrx_word' id='word_1_86' title='bbox 904 679 1144 737; x_wconf 67' lang='grc' dir='ltr'><em>Ἀθηναίων</em></span> <span class='ocrx_word' id='word_1_87' title='bbox 1187 679 1424 736; x_wconf 71' lang='grc' dir='ltr'><em>ἀπεδέχθη,</em></span> 
     </span>
     <span class='ocr_line' id='line_1_12' title="bbox 21 746 655 806; baseline -0.002 -14"><span class='ocrx_word' id='word_1_88' title='bbox 21 767 25 773; x_wconf 86' lang='lat'><strong>·</strong></span> <span class='ocrx_word' id='word_1_89' title='bbox 65 749 261 806; x_wconf 75' lang='grc' dir='ltr'><em>αἱρεθεὶς</em></span> <span class='ocrx_word' id='word_1_90' title='bbox 286 746 374 791; x_wconf 75' lang='grc' dir='ltr'><em>ὑπὸ</em></span> <span class='ocrx_word' id='word_1_91' title='bbox 399 752 476 791; x_wconf 91' lang='grc' dir='ltr'><em>τοῦ</em></span> <span class='ocrx_word' id='word_1_92' title='bbox 503 748 655 803; x_wconf 77' lang='grc' dir='ltr'><em>δήμου.</em></span> 
     </span>
    </p>
   </div>
   <div class='ocr_carea' id='block_1_7' title="bbox 148 812 1426 871">
    <p class='ocr_par' dir='ltr' id='par_1_7' title="bbox 148 812 1426 871">
     <span class='ocr_line' id='line_1_13' title="bbox 148 812 1426 871; baseline -0.001 -13"><span class='ocrx_word' id='word_1_93' title='bbox 148 818 234 859; x_wconf 86' lang='grc' dir='ltr'><em>Καὶ</em></span> <span class='ocrx_word' id='word_1_94' title='bbox 259 819 414 870; x_wconf 83' lang='grc' dir='ltr'><em>πρῶτα</em></span> <span class='ocrx_word' id='word_1_95' title='bbox 439 815 516 868; x_wconf 74' lang='grc' dir='ltr'><em>μὲν</em></span> <span class='ocrx_word' id='word_1_96' title='bbox 543 814 684 865; x_wconf 77' lang='grc' dir='ltr'><em>ἐόντες</em></span> <span class='ocrx_word' id='word_1_97' title='bbox 709 814 773 858; x_wconf 74' lang='grc' dir='ltr'><em>ἔτι</em></span> <span class='ocrx_word' id='word_1_98' title='bbox 805 814 846 857; x_wconf 78' lang='grc' dir='ltr'><em>ἓν</em></span> <span class='ocrx_word' id='word_1_99' title='bbox 877 818 937 870; x_wconf 73' lang='grc' dir='ltr'><em>τῷ</em></span> <span class='ocrx_word' id='word_1_100' title='bbox 971 812 1095 856; x_wconf 71' lang='grc' dir='ltr'><em>ἄστεϊ</em></span> <span class='ocrx_word' id='word_1_101' title='bbox 1120 814 1162 856; x_wconf 83' lang='grc' dir='ltr'><em>οἱ</em></span> <span class='ocrx_word' id='word_1_102' title='bbox 1193 817 1426 871; x_wconf 83' lang='grc' dir='ltr'><em>στρατηγοὶ</em></span> 
     </span>
    </p>
   </div>
   <div class='ocr_carea' id='block_1_8' title="bbox 23 879 1429 938">
    <p class='ocr_par' dir='ltr' id='par_1_8' title="bbox 23 879 1429 938">
     <span class='ocr_line' id='line_1_14' title="bbox 23 879 1429 938; baseline -0.002 -11"><span class='ocrx_word' id='word_1_103' title='bbox 23 922 25 926; x_wconf 73' lang='grc'><strong>,</strong></span> <span class='ocrx_word' id='word_1_104' title='bbox 66 882 384 937; x_wconf 79' lang='grc' dir='ltr'><em>ἀποπέμπουσι</em></span> <span class='ocrx_word' id='word_1_105' title='bbox 410 882 452 933; x_wconf 81' lang='grc' dir='ltr'><em>ἒς</em></span> <span class='ocrx_word' id='word_1_106' title='bbox 476 883 680 938; x_wconf 86' lang='grc' dir='ltr'><em>Σπάρτην</em></span> <span class='ocrx_word' id='word_1_107' title='bbox 705 882 866 938; x_wconf 81' lang='grc' dir='ltr'><em>κήρυκα</em></span> <span class='ocrx_word' id='word_1_108' title='bbox 895 881 1186 937; x_wconf 85' lang='grc' dir='ltr'><em>Φειδιππίδην</em></span> <span class='ocrx_word' id='word_1_109' title='bbox 1200 879 1429 938; x_wconf 63' lang='grc' dir='ltr'><em>Ἀθηναῖον</em></span> 
     </span>
    </p>
   </div>
   <div class='ocr_carea' id='block_1_9' title="bbox 64 947 1430 1142">
    <p class='ocr_par' dir='ltr' id='par_1_9' title="bbox 64 947 1430 1142">
     <span class='ocr_line' id='line_1_15' title="bbox 64 947 1428 1006; baseline -0.001 -13"><span class='ocrx_word' id='word_1_110' title='bbox 64 951 140 1006; x_wconf 83' lang='grc' dir='ltr'><em>μὲν</em></span> <span class='ocrx_word' id='word_1_111' title='bbox 172 947 326 1005; x_wconf 76' lang='grc' dir='ltr'><em>ἄνδρα,</em></span> <span class='ocrx_word' id='word_1_112' title='bbox 366 948 508 1000; x_wconf 76' lang='grc' dir='ltr'><em>ἄλλως</em></span> <span class='ocrx_word' id='word_1_113' title='bbox 541 950 587 992; x_wconf 84' lang='grc' dir='ltr'><em>δὲ</em></span> <span class='ocrx_word' id='word_1_114' title='bbox 622 947 921 1005; x_wconf 78' lang='grc' dir='ltr'><em>ἡμεροδρόμον</em></span> <span class='ocrx_word' id='word_1_115' title='bbox 952 965 998 992; x_wconf 92' lang='grc' dir='ltr'><em>τε</em></span> <span class='ocrx_word' id='word_1_116' title='bbox 1034 950 1106 992; x_wconf 82' lang='grc' dir='ltr'><em>καὶ</em></span> <span class='ocrx_word' id='word_1_117' title='bbox 1141 953 1269 992; x_wconf 88' lang='grc' dir='ltr'><em>τοῦτο</em></span> <span class='ocrx_word' id='word_1_118' title='bbox 1304 950 1428 1003; x_wconf 86' lang='grc' dir='ltr'><em>μελε-</em></span> 
     </span>
     <span class='ocr_line' id='line_1_16' title="bbox 65 1014 1430 1073; baseline -0.002 -11"><span class='ocrx_word' id='word_1_119' title='bbox 65 1022 235 1062; x_wconf 89' lang='grc' dir='ltr'><em>τέοντα·</em></span> <span class='ocrx_word' id='word_1_120' title='bbox 260 1021 321 1073; x_wconf 78' lang='grc' dir='ltr'><em>τῷ</em></span> <span class='ocrx_word' id='word_1_121' title='bbox 348 1017 413 1072; x_wconf 84' lang='grc' dir='ltr'><em>δή,</em></span> <span class='ocrx_word' id='word_1_122' title='bbox 442 1014 501 1068; x_wconf 80' lang='grc' dir='ltr'><em>ὥς</em></span> <span class='ocrx_word' id='word_1_123' title='bbox 527 1014 658 1068; x_wconf 83' lang='grc' dir='ltr'><em>αὖτός</em></span> <span class='ocrx_word' id='word_1_124' title='bbox 682 1033 729 1059; x_wconf 88' lang='grc' dir='ltr'><em>τε</em></span> <span class='ocrx_word' id='word_1_125' title='bbox 755 1016 870 1072; x_wconf 74' lang='grc' dir='ltr'><em>ἔλεγε</em></span> <span class='ocrx_word' id='word_1_126' title='bbox 899 1017 1190 1072; x_wconf 86' lang='grc' dir='ltr'><em>Φειδιππίδης</em></span> <span class='ocrx_word' id='word_1_127' title='bbox 1214 1018 1286 1059; x_wconf 86' lang='grc' dir='ltr'><em>καὶ</em></span> <span class='ocrx_word' id='word_1_128' title='bbox 1300 1014 1430 1072; x_wconf 65' lang='grc' dir='ltr'><em>Ἀθη-</em></span> 
     </span>
     <span class='ocr_line' id='line_1_17' title="bbox 65 1077 1429 1142; baseline -0.002 -13"><span class='ocrx_word' id='word_1_129' title='bbox 65 1089 228 1129; x_wconf 89' lang='grc' dir='ltr'><em>ναίοισι</em></span> <span class='ocrx_word' id='word_1_130' title='bbox 266 1082 524 1140; x_wconf 79' lang='grc' dir='ltr'><em>ἀπήγγελλε,</em></span> <span class='ocrx_word' id='word_1_131' title='bbox 562 1086 665 1142; x_wconf 89' lang='grc' dir='ltr'><em>περὶ</em></span> <span class='ocrx_word' id='word_1_132' title='bbox 701 1083 750 1128; x_wconf 85' lang='grc' dir='ltr'><em>τὸ</em></span> <span class='ocrx_word' id='word_1_133' title='bbox 782 1083 1030 1141; x_wconf 69' lang='grc' dir='ltr'><em>Παρθένιον</em></span> <span class='ocrx_word' id='word_1_134' title='bbox 1068 1077 1196 1140; x_wconf 77' lang='grc' dir='ltr'><em>οὖρος</em></span> <span class='ocrx_word' id='word_1_135' title='bbox 1230 1082 1281 1128; x_wconf 86' lang='grc' dir='ltr'><em>τὸ</em></span> <span class='ocrx_word' id='word_1_136' title='bbox 1319 1081 1429 1139; x_wconf 76' lang='grc' dir='ltr'><em>ὑπὲρ</em></span> 
     </span>
    </p>
   </div>
   <div class='ocr_carea' id='block_1_10' title="bbox 21 1149 1429 1276">
    <p class='ocr_par' dir='ltr' id='par_1_10' title="bbox 21 1149 1429 1276">
     <span class='ocr_line' id='line_1_18' title="bbox 23 1149 1428 1210; baseline -0.003 -12"><span class='ocrx_word' id='word_1_137' title='bbox 23 1193 25 1200; x_wconf 91' lang='grc'><em>.</em></span> <span class='ocrx_word' id='word_1_138' title='bbox 70 1153 221 1210; x_wconf 87' lang='grc' dir='ltr'><em>Τεγέης</em></span> <span class='ocrx_word' id='word_1_139' title='bbox 256 1150 279 1196; x_wconf 85' lang='grc' dir='ltr'><em>ὃ</em></span> <span class='ocrx_word' id='word_1_140' title='bbox 316 1151 410 1195; x_wconf 88' lang='grc' dir='ltr'><em>Πὰν</em></span> <span class='ocrx_word' id='word_1_141' title='bbox 446 1156 723 1209; x_wconf 89' lang='grc' dir='ltr'><em>περιπίπτει.</em></span> <span class='ocrx_word' id='word_1_142' title='bbox 788 1152 994 1206; x_wconf 82' lang='grc' dir='ltr'><em>βώσαντα</em></span> <span class='ocrx_word' id='word_1_143' title='bbox 1036 1152 1083 1194; x_wconf 85' lang='grc' dir='ltr'><em>δὲ</em></span> <span class='ocrx_word' id='word_1_144' title='bbox 1118 1149 1310 1206; x_wconf 72' lang='grc' dir='ltr'><em>τοῦνομα</em></span> <span class='ocrx_word' id='word_1_145' title='bbox 1350 1156 1428 1195; x_wconf 90' lang='grc' dir='ltr'><em>τοῦ</em></span> 
     </span>
     <span class='ocr_line' id='line_1_19' title="bbox 21 1217 1429 1276; baseline -0.002 -11"><span class='ocrx_word' id='word_1_146' title='bbox 21 1262 24 1265; x_wconf 84' lang='grc'><strong>,</strong></span> <span class='ocrx_word' id='word_1_147' title='bbox 71 1220 369 1265; x_wconf 86' lang='grc' dir='ltr'><em>Φειδιππίδεω</em></span> <span class='ocrx_word' id='word_1_148' title='bbox 400 1218 474 1263; x_wconf 87' lang='grc' dir='ltr'><em>τὸν</em></span> <span class='ocrx_word' id='word_1_149' title='bbox 491 1224 615 1263; x_wconf 85' lang='grc' dir='ltr'><em>Πᾶνα</em></span> <span class='ocrx_word' id='word_1_150' title='bbox 635 1217 907 1276; x_wconf 67' lang='grc' dir='ltr'><em>Ἀθηναίοισι</em></span> <span class='ocrx_word' id='word_1_151' title='bbox 931 1221 1130 1263; x_wconf 82' lang='grc' dir='ltr'><em>κελεῦσαι</em></span> <span class='ocrx_word' id='word_1_152' title='bbox 1155 1218 1429 1276; x_wconf 82' lang='grc' dir='ltr'><em>ἀπαγγεῖλαι,</em></span> 
     </span>
    </p>
   </div>
   <div class='ocr_carea' id='block_1_11' title="bbox 65 1285 1431 1412">
    <p class='ocr_par' dir='ltr' id='par_1_11' title="bbox 65 1285 1431 1412">
     <span class='ocr_line' id='line_1_20' title="bbox 69 1285 1429 1342; baseline -0.001 -11"><span class='ocrx_word' id='word_1_153' title='bbox 69 1289 184 1332; x_wconf 88' lang='grc' dir='ltr'><em>διότι</em></span> <span class='ocrx_word' id='word_1_154' title='bbox 198 1286 361 1331; x_wconf 77' lang='grc' dir='ltr'><em>ἑωυτοῦ</em></span> <span class='ocrx_word' id='word_1_155' title='bbox 382 1285 586 1342; x_wconf 72' lang='grc' dir='ltr'><em>οὐδεμίαν</em></span> <span class='ocrx_word' id='word_1_156' title='bbox 601 1287 849 1342; x_wconf 74' lang='grc' dir='ltr'><em>ἐπιμέλειαν</em></span> <span class='ocrx_word' id='word_1_157' title='bbox 868 1292 1095 1331; x_wconf 85' lang='grc' dir='ltr'><em>ποιεῦνται</em></span> <span class='ocrx_word' id='word_1_158' title='bbox 1115 1286 1259 1338; x_wconf 79' lang='grc' dir='ltr'><em>ἐόντος</em></span> <span class='ocrx_word' id='word_1_159' title='bbox 1279 1285 1429 1331; x_wconf 78' lang='grc' dir='ltr'><em>εὐνόου</em></span> 
     </span>
     <span class='ocr_line' id='line_1_21' title="bbox 65 1353 1431 1412; baseline -0.001 -12"><span class='ocrx_word' id='word_1_160' title='bbox 65 1354 336 1411; x_wconf 63' lang='grc' dir='ltr'><em>Ἀθηναίοισι</em></span> <span class='ocrx_word' id='word_1_161' title='bbox 359 1357 432 1398; x_wconf 81' lang='grc' dir='ltr'><em>καὶ</em></span> <span class='ocrx_word' id='word_1_162' title='bbox 456 1356 651 1412; x_wconf 83' lang='grc' dir='ltr'><em>πολλαχῇ</em></span> <span class='ocrx_word' id='word_1_163' title='bbox 671 1359 898 1411; x_wconf 82' lang='grc' dir='ltr'><em>γενομένου</em></span> <span class='ocrx_word' id='word_1_164' title='bbox 918 1353 998 1412; x_wconf 71' lang='grc' dir='ltr'><em>ἤδη</em></span> <span class='ocrx_word' id='word_1_165' title='bbox 1020 1371 1102 1412; x_wconf 77' lang='grc' dir='ltr'><em>σφι</em></span> <span class='ocrx_word' id='word_1_166' title='bbox 1123 1359 1349 1412; x_wconf 84' lang='grc' dir='ltr'><em>χρησίμου,</em></span> <span class='ocrx_word' id='word_1_167' title='bbox 1376 1354 1431 1398; x_wconf 85' lang='grc' dir='ltr'><em>τὰ</em></span> 
     </span>
    </p>
   </div>
   <div class='ocr_carea' id='block_1_12' title="bbox 22 1421 1433 1547">
    <p class='ocr_par' dir='ltr' id='par_1_12' title="bbox 22 1421 1433 1547">
     <span class='ocr_line' id='line_1_22' title="bbox 22 1421 1432 1479; baseline -0.001 -13"><span class='ocrx_word' id='word_1_168' title='bbox 22 1457 26 1478; x_wconf 54' lang='lat'>3</span> <span class='ocrx_word' id='word_1_169' title='bbox 70 1422 109 1466; x_wconf 76' lang='grc' dir='ltr'><em>δ’</em></span> <span class='ocrx_word' id='word_1_170' title='bbox 127 1423 190 1466; x_wconf 71' lang='grc' dir='ltr'><em>ἔτι</em></span> <span class='ocrx_word' id='word_1_171' title='bbox 214 1424 285 1465; x_wconf 89' lang='grc' dir='ltr'><em>καὶ</em></span> <span class='ocrx_word' id='word_1_172' title='bbox 310 1421 529 1476; x_wconf 79' lang='grc' dir='ltr'><em>ἐσομένου.</em></span> <span class='ocrx_word' id='word_1_173' title='bbox 577 1425 649 1465; x_wconf 80' lang='grc' dir='ltr'><em>καὶ</em></span> <span class='ocrx_word' id='word_1_174' title='bbox 673 1427 808 1466; x_wconf 88' lang='grc' dir='ltr'><em>ταῦτα</em></span> <span class='ocrx_word' id='word_1_175' title='bbox 832 1423 908 1477; x_wconf 82' lang='grc' dir='ltr'><em>μὲν</em></span> <span class='ocrx_word' id='word_1_176' title='bbox 929 1421 1164 1479; x_wconf 69' lang='grc' dir='ltr'><em>ᾍθηναῖοι,</em></span> <span class='ocrx_word' id='word_1_177' title='bbox 1192 1422 1432 1465; x_wconf 82' lang='grc' dir='ltr'><em>καταστάν-</em></span> 
     </span>
     <span class='ocr_line' id='line_1_23' title="bbox 23 1482 1433 1547; baseline -0.001 -13"><span class='ocrx_word' id='word_1_178' title='bbox 23 1482 26 1541; x_wconf 39' lang='lat' dir='ltr'>f</span> <span class='ocrx_word' id='word_1_179' title='bbox 68 1508 153 1534; x_wconf 91' lang='grc' dir='ltr'><em>των</em></span> <span class='ocrx_word' id='word_1_180' title='bbox 179 1506 260 1547; x_wconf 87' lang='grc' dir='ltr'><em>σφι</em></span> <span class='ocrx_word' id='word_1_181' title='bbox 285 1484 330 1533; x_wconf 73' lang='grc' dir='ltr'><em>εὖ</em></span> <span class='ocrx_word' id='word_1_182' title='bbox 357 1489 434 1546; x_wconf 81' lang='grc' dir='ltr'><em>ἤδη</em></span> <span class='ocrx_word' id='word_1_183' title='bbox 455 1494 540 1533; x_wconf 82' lang='grc' dir='ltr'><em>τῶν</em></span> <span class='ocrx_word' id='word_1_184' title='bbox 560 1491 838 1547; x_wconf 89' lang='grc' dir='ltr'><em>πρηγμάτων,</em></span> <span class='ocrx_word' id='word_1_185' title='bbox 868 1491 1179 1541; x_wconf 81' lang='grc' dir='ltr'><em>πιστεύσαντες</em></span> <span class='ocrx_word' id='word_1_186' title='bbox 1199 1487 1310 1532; x_wconf 82' lang='grc' dir='ltr'><em>εἶναι</em></span> <span class='ocrx_word' id='word_1_187' title='bbox 1329 1488 1433 1544; x_wconf 81' lang='grc' dir='ltr'><em>ἀλη-</em></span> 
     </span>
    </p>
   </div>
   <div class='ocr_carea' id='block_1_13' title="bbox 69 1554 1432 1614">
    <p class='ocr_par' dir='ltr' id='par_1_13' title="bbox 69 1554 1432 1614">
     <span class='ocr_line' id='line_1_24' title="bbox 69 1554 1432 1614; baseline -0.001 -14"><span class='ocrx_word' id='word_1_188' title='bbox 69 1558 157 1601; x_wconf 73' lang='grc' dir='ltr'><em>θέα</em></span> <span class='ocrx_word' id='word_1_189' title='bbox 185 1557 412 1614; x_wconf 84' lang='grc' dir='ltr'><em>ἱδρύσαντο</em></span> <span class='ocrx_word' id='word_1_190' title='bbox 443 1556 530 1601; x_wconf 77' lang='grc' dir='ltr'><em>ὑπὸ</em></span> <span class='ocrx_word' id='word_1_191' title='bbox 562 1562 613 1614; x_wconf 79' lang='grc' dir='ltr'><em>τῇ</em></span> <span class='ocrx_word' id='word_1_192' title='bbox 647 1557 860 1614; x_wconf 79' lang='grc' dir='ltr'><em>ἀκροπόλι</em></span> <span class='ocrx_word' id='word_1_193' title='bbox 885 1556 1029 1608; x_wconf 87' lang='grc' dir='ltr'><em>Πανὸς</em></span> <span class='ocrx_word' id='word_1_194' title='bbox 1061 1557 1164 1614; x_wconf 81' lang='grc' dir='ltr'><em>ἱρόν,</em></span> <span class='ocrx_word' id='word_1_195' title='bbox 1198 1558 1270 1599; x_wconf 84' lang='grc' dir='ltr'><em>καὶ</em></span> <span class='ocrx_word' id='word_1_196' title='bbox 1301 1554 1432 1600; x_wconf 74' lang='grc' dir='ltr'><em>αὐτὸν</em></span> 
     </span>
    </p>
   </div>
   <div class='ocr_carea' id='block_1_14' title="bbox 72 1623 1431 1682">
    <p class='ocr_par' dir='ltr' id='par_1_14' title="bbox 22 1622 1431 1683">
     <span class='ocr_line' id='line_1_25' title="bbox 72 1623 1431 1682; baseline -0.001 -13.071"><span class='ocrx_word' id='word_1_197' title='bbox 72 1624 162 1669; x_wconf 76' lang='grc' dir='ltr'><em>ἀπὸ</em></span> <span class='ocrx_word' id='word_1_198' title='bbox 188 1625 345 1682; x_wconf 87' lang='grc' dir='ltr'><em>ταύτης</em></span> <span class='ocrx_word' id='word_1_199' title='bbox 369 1629 444 1681; x_wconf 77' lang='grc' dir='ltr'><em>τῆς</em></span> <span class='ocrx_word' id='word_1_200' title='bbox 469 1623 666 1681; x_wconf 79' lang='grc' dir='ltr'><em>ἀγγελίης</em></span> <span class='ocrx_word' id='word_1_201' title='bbox 691 1630 877 1682; x_wconf 69' lang='grc' dir='ltr'><em>θυσίῃσι</em></span> <span class='ocrx_word' id='word_1_202' title='bbox 902 1624 1119 1668; x_wconf 81' lang='grc' dir='ltr'><em>έπετέοισι</em></span> <span class='ocrx_word' id='word_1_203' title='bbox 1135 1626 1205 1667; x_wconf 84' lang='grc' dir='ltr'><em>καὶ</em></span> <span class='ocrx_word' id='word_1_204' title='bbox 1230 1625 1431 1678; x_wconf 90' lang='grc' dir='ltr'><em>λαμπάδι</em></span> 
     </span>
    </p>
   </div>
   <div class='ocr_carea' id='block_1_15' title="bbox 1417 1690 1429 1705">
    <p class='ocr_par' dir='ltr' id='par_1_15' title="bbox 1417 1690 1429 1705">
     <span class='ocr_line' id='line_1_26' title="bbox 1417 1690 1429 1705; baseline 0 0"><span class='ocrx_word' id='word_1_205' title='bbox 1417 1690 1429 1705; x_wconf 80' lang='lat' dir='ltr'>t</span> 
     </span>
    </p>
   </div>
   <div class='ocr_carea' id='block_1_16' title="bbox 71 1888 1437 2223">
    <p class='ocr_par' dir='ltr' id='par_1_16' title="bbox 71 1888 1437 2223">
     <span class='ocr_line' id='line_1_27' title="bbox 73 1888 1432 1950; baseline -0.001 -11"><span class='ocrx_word' id='word_1_206' title='bbox 73 1897 251 1950; x_wconf 85' lang='grc' dir='ltr'><em>κόμενος</em></span> <span class='ocrx_word' id='word_1_207' title='bbox 282 1895 328 1937; x_wconf 85' lang='grc' dir='ltr'><em>δὲ</em></span> <span class='ocrx_word' id='word_1_208' title='bbox 359 1894 432 1938; x_wconf 77' lang='grc' dir='ltr'><em>ἐπὶ</em></span> <span class='ocrx_word' id='word_1_209' title='bbox 463 1894 564 1946; x_wconf 78' lang='grc' dir='ltr'><em>τοὺς</em></span> <span class='ocrx_word' id='word_1_210' title='bbox 596 1892 803 1949; x_wconf 75' lang='grc' dir='ltr'><em>ἄρχοντας</em></span> <span class='ocrx_word' id='word_1_211' title='bbox 840 1895 954 1950; x_wconf 72' lang='grc' dir='ltr'><em>ἔλεγε</em></span> <span class='ocrx_word' id='word_1_212' title='bbox 980 1888 1048 1936; x_wconf 65' lang='lat'><em>“15</em></span> <span class='ocrx_word' id='word_1_213' title='bbox 1079 1895 1432 1948; x_wconf 87' lang='grc' dir='ltr'><em>Λακεδαιμόνιοι,</em></span> 
     </span>
     <span class='ocr_line' id='line_1_28' title="bbox 71 1960 1436 2019; baseline -0.001 -13"><span class='ocrx_word' id='word_1_214' title='bbox 71 1961 293 2019; x_wconf 67' lang='grc' dir='ltr'><em>Ἀθηναῖοι</em></span> <span class='ocrx_word' id='word_1_215' title='bbox 317 1960 457 2017; x_wconf 71' lang='grc' dir='ltr'><em>ὑμέων</em></span> <span class='ocrx_word' id='word_1_216' title='bbox 484 1963 653 2005; x_wconf 87' lang='grc' dir='ltr'><em>δέονται</em></span> <span class='ocrx_word' id='word_1_217' title='bbox 680 1967 807 2018; x_wconf 77' lang='grc' dir='ltr'><em>σᾳίσι</em></span> <span class='ocrx_word' id='word_1_218' title='bbox 831 1966 1039 2018; x_wconf 71' lang='grc' dir='ltr'><em>βωθῆσαι</em></span> <span class='ocrx_word' id='word_1_219' title='bbox 1057 1961 1203 2018; x_wconf 78' lang='grc' dir='ltr'><em>καὶμὴ</em></span> <span class='ocrx_word' id='word_1_220' title='bbox 1224 1963 1436 2018; x_wconf 85' lang='grc' dir='ltr'><em>περιιδεῖν</em></span> 
     </span>
     <span class='ocr_line' id='line_1_29' title="bbox 74 2027 1436 2086; baseline -0.001 -12"><span class='ocrx_word' id='word_1_221' title='bbox 74 2031 202 2075; x_wconf 87' lang='grc' dir='ltr'><em>πόλιν</em></span> <span class='ocrx_word' id='word_1_222' title='bbox 233 2028 519 2086; x_wconf 74' lang='grc' dir='ltr'><em>ἀρχαιοτάτην</em></span> <span class='ocrx_word' id='word_1_223' title='bbox 557 2029 598 2073; x_wconf 79' lang='grc' dir='ltr'><em>ἐν</em></span> <span class='ocrx_word' id='word_1_224' title='bbox 634 2039 750 2073; x_wconf 91' lang='grc' dir='ltr'><em>τοῖσι</em></span> <span class='ocrx_word' id='word_1_225' title='bbox 771 2027 945 2086; x_wconf 78' lang='grc' dir='ltr'><em>Ἕλλησι</em></span> <span class='ocrx_word' id='word_1_226' title='bbox 977 2030 1214 2086; x_wconf 79' lang='grc' dir='ltr'><em>δουλοσύνῃ</em></span> <span class='ocrx_word' id='word_1_227' title='bbox 1251 2046 1436 2086; x_wconf 86' lang='grc' dir='ltr'><em>περιπε-</em></span> 
     </span>
     <span class='ocr_line' id='line_1_30' title="bbox 77 2095 1436 2155; baseline -0.001 -13"><span class='ocrx_word' id='word_1_228' title='bbox 77 2103 236 2143; x_wconf 87' lang='grc' dir='ltr'><em>σοῦσαν</em></span> <span class='ocrx_word' id='word_1_229' title='bbox 261 2097 373 2154; x_wconf 85' lang='grc' dir='ltr'><em>πρὸς</em></span> <span class='ocrx_word' id='word_1_230' title='bbox 399 2095 565 2154; x_wconf 75' lang='grc' dir='ltr'><em>ἀνδρῶν</em></span> <span class='ocrx_word' id='word_1_231' title='bbox 589 2098 840 2155; x_wconf 78' lang='grc' dir='ltr'><em>βαρβάρων·</em></span> <span class='ocrx_word' id='word_1_232' title='bbox 878 2099 948 2140; x_wconf 84' lang='grc' dir='ltr'><em>καὶ</em></span> <span class='ocrx_word' id='word_1_233' title='bbox 973 2097 1054 2155; x_wconf 85' lang='grc' dir='ltr'><em>γὰρ</em></span> <span class='ocrx_word' id='word_1_234' title='bbox 1081 2102 1152 2140; x_wconf 78' lang='grc' dir='ltr'><em>νῦν</em></span> <span class='ocrx_word' id='word_1_235' title='bbox 1174 2095 1366 2154; x_wconf 77' lang='grc' dir='ltr'><em>Ἐρέτριά</em></span> <span class='ocrx_word' id='word_1_236' title='bbox 1392 2114 1436 2140; x_wconf 85' lang='grc' dir='ltr'><em>τε</em></span> 
     </span>
     <span class='ocr_line' id='line_1_31' title="bbox 75 2163 1437 2223; baseline -0.002 -13"><span class='ocrx_word' id='word_1_237' title='bbox 75 2164 421 2223; x_wconf 70' lang='grc' dir='ltr'><em>ἠνδραπόδισται</em></span> <span class='ocrx_word' id='word_1_238' title='bbox 446 2168 517 2208; x_wconf 86' lang='grc' dir='ltr'><em>καὶ</em></span> <span class='ocrx_word' id='word_1_239' title='bbox 543 2166 650 2209; x_wconf 86' lang='grc' dir='ltr'><em>πόλι</em></span> <span class='ocrx_word' id='word_1_240' title='bbox 675 2167 838 2221; x_wconf 84' lang='grc' dir='ltr'><em>λογίμῳ</em></span> <span class='ocrx_word' id='word_1_241' title='bbox 868 2163 889 2221; x_wconf 69' lang='grc' dir='ltr'><em>ἢ</em></span> <span class='ocrx_word' id='word_1_242' title='bbox 911 2164 1060 2216; x_wconf 80' lang='grc' dir='ltr'><em>Ἑλλὰς</em></span> <span class='ocrx_word' id='word_1_243' title='bbox 1084 2169 1228 2220; x_wconf 86' lang='grc' dir='ltr'><em>γέγονε</em></span> <span class='ocrx_word' id='word_1_244' title='bbox 1254 2163 1437 2207; x_wconf 69' lang='grc' dir='ltr'><em>ἀσθενε-</em></span> 
     </span>
    </p>
   </div>
   <div class='ocr_carea' id='block_1_17' title="bbox 23 2231 1438 2290">
    <p class='ocr_par' dir='ltr' id='par_1_17' title="bbox 23 2231 1438 2290">
     <span class='ocr_line' id='line_1_32' title="bbox 23 2231 1438 2290; baseline -0.001 -13"><span class='ocrx_word' id='word_1_245' title='bbox 23 2236 27 2249; x_wconf 83' lang='grc'><strong>’</strong></span> <span class='ocrx_word' id='word_1_246' title='bbox 78 2231 243 2290; x_wconf 60' lang='grc' dir='ltr'><em>στέρι,’.”</em></span> <span class='ocrx_word' id='word_1_247' title='bbox 295 2231 317 2276; x_wconf 86' lang='grc' dir='ltr'>ὁ</span> <span class='ocrx_word' id='word_1_248' title='bbox 343 2234 418 2287; x_wconf 79' lang='grc' dir='ltr'><em>μὲν</em></span> <span class='ocrx_word' id='word_1_249' title='bbox 451 2234 500 2290; x_wconf 84' lang='grc' dir='ltr'><em>δή</em></span> <span class='ocrx_word' id='word_1_250' title='bbox 529 2249 611 2289; x_wconf 68' lang='grc' dir='ltr'><em>σφι</em></span> <span class='ocrx_word' id='word_1_251' title='bbox 640 2232 694 2275; x_wconf 83' lang='grc' dir='ltr'><em>τὰ</em></span> <span class='ocrx_word' id='word_1_252' title='bbox 720 2232 998 2287; x_wconf 74' lang='grc' dir='ltr'><em>ἐντεταλμένα</em></span> <span class='ocrx_word' id='word_1_253' title='bbox 1030 2231 1287 2289; x_wconf 67' lang='grc' dir='ltr'><em>ἀπήγγελλε,</em></span> <span class='ocrx_word' id='word_1_254' title='bbox 1321 2241 1438 2275; x_wconf 91' lang='grc' dir='ltr'><em>τοῖσι</em></span> 
     </span>
    </p>
   </div>
   <div class='ocr_carea' id='block_1_18' title="bbox 77 2294 1437 2426">
    <p class='ocr_par' dir='ltr' id='par_1_18' title="bbox 77 2294 1437 2426">
     <span class='ocr_line' id='line_1_33' title="bbox 79 2294 1436 2357; baseline -0.001 -13"><span class='ocrx_word' id='word_1_255' title='bbox 79 2302 124 2344; x_wconf 84' lang='grc' dir='ltr'><em>δὲ</em></span> <span class='ocrx_word' id='word_1_256' title='bbox 150 2300 248 2344; x_wconf 75' lang='grc' dir='ltr'><em>ἕαδε</em></span> <span class='ocrx_word' id='word_1_257' title='bbox 272 2301 348 2355; x_wconf 82' lang='grc' dir='ltr'><em>μὲν</em></span> <span class='ocrx_word' id='word_1_258' title='bbox 377 2304 566 2355; x_wconf 78' lang='grc' dir='ltr'><em>βωθέειν</em></span> <span class='ocrx_word' id='word_1_259' title='bbox 586 2298 876 2356; x_wconf 61' lang='grc' dir='ltr'><em>Ἀθηναίοισι,</em></span> <span class='ocrx_word' id='word_1_260' title='bbox 912 2299 1103 2343; x_wconf 79' lang='grc' dir='ltr'><em>ἀδύνατα</em></span> <span class='ocrx_word' id='word_1_261' title='bbox 1135 2302 1182 2343; x_wconf 88' lang='grc' dir='ltr'><em>δέ</em></span> <span class='ocrx_word' id='word_1_262' title='bbox 1207 2317 1288 2357; x_wconf 72' lang='grc' dir='ltr'><em>σφι</em></span> <span class='ocrx_word' id='word_1_263' title='bbox 1315 2294 1363 2356; x_wconf 73' lang='grc' dir='ltr'><em>ἦν</em></span> <span class='ocrx_word' id='word_1_264' title='bbox 1387 2299 1436 2342; x_wconf 84' lang='grc' dir='ltr'><em>τὸ</em></span> 
     </span>
     <span class='ocr_line' id='line_1_34' title="bbox 77 2366 1437 2426; baseline -0.002 -14"><span class='ocrx_word' id='word_1_265' title='bbox 77 2373 323 2426; x_wconf 83' lang='grc' dir='ltr'><em>παραυτίκα</em></span> <span class='ocrx_word' id='word_1_266' title='bbox 337 2372 502 2411; x_wconf 85' lang='grc' dir='ltr'><em>ποιέειν</em></span> <span class='ocrx_word' id='word_1_267' title='bbox 515 2372 662 2420; x_wconf 85' lang='grc' dir='ltr'><em>ταῦτα,</em></span> <span class='ocrx_word' id='word_1_268' title='bbox 686 2366 734 2411; x_wconf 83' lang='grc' dir='ltr'><em>οὗ</em></span> <span class='ocrx_word' id='word_1_269' title='bbox 748 2370 1052 2423; x_wconf 85' lang='grc' dir='ltr'><em>βουλομένοισι</em></span> <span class='ocrx_word' id='word_1_270' title='bbox 1065 2368 1180 2411; x_wconf 77' lang='grc' dir='ltr'><em>λύειν</em></span> <span class='ocrx_word' id='word_1_271' title='bbox 1200 2367 1274 2410; x_wconf 88' lang='grc' dir='ltr'><em>τὸν</em></span> <span class='ocrx_word' id='word_1_272' title='bbox 1288 2368 1437 2421; x_wconf 90' lang='grc' dir='ltr'><em>νόμον·</em></span> 
     </span>
    </p>
   </div>
   <div class='ocr_carea' id='block_1_19' title="bbox 24 2430 1439 2562">
    <p class='ocr_par' dir='ltr' id='par_1_19' title="bbox 24 2430 1439 2562">
     <span class='ocr_line' id='line_1_35' title="bbox 24 2430 1439 2494; baseline -0.002 -16"><span class='ocrx_word' id='word_1_273' title='bbox 24 2430 27 2494; x_wconf 35' lang='grc' dir='ltr'>ἶ</span> <span class='ocrx_word' id='word_1_274' title='bbox 77 2438 127 2491; x_wconf 80' lang='grc' dir='ltr'><em>ἡν</em></span> <span class='ocrx_word' id='word_1_275' title='bbox 152 2434 231 2492; x_wconf 84' lang='grc' dir='ltr'><em>γὰρ</em></span> <span class='ocrx_word' id='word_1_276' title='bbox 259 2435 485 2489; x_wconf 82' lang='grc' dir='ltr'><em>ἱσταμένου</em></span> <span class='ocrx_word' id='word_1_277' title='bbox 511 2440 587 2478; x_wconf 91' lang='grc' dir='ltr'><em>τοῦ</em></span> <span class='ocrx_word' id='word_1_278' title='bbox 613 2434 746 2491; x_wconf 88' lang='grc' dir='ltr'><em>μηνὸς</em></span> <span class='ocrx_word' id='word_1_279' title='bbox 765 2435 922 2489; x_wconf 81' lang='grc' dir='ltr'><em>εἰνάτη,</em></span> <span class='ocrx_word' id='word_1_280' title='bbox 951 2435 1094 2491; x_wconf 80' lang='grc' dir='ltr'><em>εἰνάτῃ</em></span> <span class='ocrx_word' id='word_1_281' title='bbox 1116 2435 1161 2477; x_wconf 85' lang='grc' dir='ltr'><em>δὲ</em></span> <span class='ocrx_word' id='word_1_282' title='bbox 1181 2432 1256 2477; x_wconf 77' lang='grc' dir='ltr'><em>οὗκ</em></span> <span class='ocrx_word' id='word_1_283' title='bbox 1276 2434 1439 2486; x_wconf 78' lang='grc' dir='ltr'><em>ἐξελεύ-</em></span> 
     </span>
     <span class='ocr_line' id='line_1_36' title="bbox 25 2500 1279 2562; baseline -0.002 -16"><span class='ocrx_word' id='word_1_284' title='bbox 25 2549 27 2562; x_wconf 85' lang='lat'><em>.</em></span> <span class='ocrx_word' id='word_1_285' title='bbox 81 2507 244 2547; x_wconf 76' lang='grc' dir='ltr'><em>σεσθαι</em></span> <span class='ocrx_word' id='word_1_286' title='bbox 269 2501 436 2558; x_wconf 68' lang='grc' dir='ltr'><em>ἔφασαν</em></span> <span class='ocrx_word' id='word_1_287' title='bbox 461 2501 517 2558; x_wconf 74' lang='grc' dir='ltr'><em>μὴ</em></span> <span class='ocrx_word' id='word_1_288' title='bbox 547 2500 594 2545; x_wconf 83' lang='grc' dir='ltr'><em>οὗ</em></span> <span class='ocrx_word' id='word_1_289' title='bbox 622 2503 813 2558; x_wconf 78' lang='grc' dir='ltr'><em>πλήρεος</em></span> <span class='ocrx_word' id='word_1_290' title='bbox 838 2501 983 2552; x_wconf 78' lang='grc' dir='ltr'><em>ἐόντος</em></span> <span class='ocrx_word' id='word_1_291' title='bbox 1007 2506 1083 2544; x_wconf 88' lang='grc' dir='ltr'><em>τοῦ</em></span> <span class='ocrx_word' id='word_1_292' title='bbox 1111 2502 1279 2544; x_wconf 84' lang='grc' dir='ltr'><em>κύκλου.</em></span> 
     </span>
    </p>
   </div>
   <div class='ocr_carea' id='block_1_20' title="bbox 80 2563 1440 2829">
    <p class='ocr_par' dir='ltr' id='par_1_20' title="bbox 80 2563 1440 2829">
     <span class='ocr_line' id='line_1_37' title="bbox 168 2563 1438 2625; baseline -0.002 -13"><span class='ocrx_word' id='word_1_293' title='bbox 168 2563 295 2613; x_wconf 75' lang='grc' dir='ltr'><em>Οὗτοι</em></span> <span class='ocrx_word' id='word_1_294' title='bbox 318 2573 394 2623; x_wconf 88' lang='grc' dir='ltr'><em>μέν</em></span> <span class='ocrx_word' id='word_1_295' title='bbox 419 2587 490 2612; x_wconf 87' lang='grc' dir='ltr'><em>νυν</em></span> <span class='ocrx_word' id='word_1_296' title='bbox 514 2568 588 2625; x_wconf 72' lang='grc' dir='ltr'><em>τὴν</em></span> <span class='ocrx_word' id='word_1_297' title='bbox 613 2569 876 2624; x_wconf 83' lang='grc' dir='ltr'><em>πανσέληνον</em></span> <span class='ocrx_word' id='word_1_298' title='bbox 908 2569 1074 2622; x_wconf 74' lang='grc' dir='ltr'><em>ἔμενον·</em></span> <span class='ocrx_word' id='word_1_299' title='bbox 1111 2577 1226 2611; x_wconf 93' lang='grc' dir='ltr'><em>τοῖσι</em></span> <span class='ocrx_word' id='word_1_300' title='bbox 1258 2568 1304 2610; x_wconf 83' lang='grc' dir='ltr'><em>δὲ</em></span> <span class='ocrx_word' id='word_1_301' title='bbox 1333 2572 1438 2625; x_wconf 89' lang='grc' dir='ltr'><em>βαρ-</em></span> 
     </span>
     <span class='ocr_line' id='line_1_38' title="bbox 80 2633 1439 2694; baseline -0.001 -14"><span class='ocrx_word' id='word_1_302' title='bbox 80 2638 259 2694; x_wconf 88' lang='grc' dir='ltr'><em>βάροισι</em></span> <span class='ocrx_word' id='word_1_303' title='bbox 284 2640 510 2692; x_wconf 89' lang='grc' dir='ltr'><em>κατηγέετο</em></span> <span class='ocrx_word' id='word_1_304' title='bbox 532 2634 704 2692; x_wconf 79' lang='grc' dir='ltr'><em>Ἱππίης</em></span> <span class='ocrx_word' id='word_1_305' title='bbox 730 2633 752 2678; x_wconf 85' lang='grc' dir='ltr'><em>ὃ</em></span> <span class='ocrx_word' id='word_1_306' title='bbox 778 2636 1093 2691; x_wconf 91' lang='grc' dir='ltr'><em>Πεισιστράτου</em></span> <span class='ocrx_word' id='word_1_307' title='bbox 1122 2634 1164 2686; x_wconf 80' lang='grc' dir='ltr'><em>ἐς</em></span> <span class='ocrx_word' id='word_1_308' title='bbox 1188 2634 1262 2679; x_wconf 88' lang='grc' dir='ltr'><em>τὸν</em></span> <span class='ocrx_word' id='word_1_309' title='bbox 1287 2643 1439 2690; x_wconf 79' lang='grc' dir='ltr'><em>Μαρα-</em></span> 
     </span>
     <span class='ocr_line' id='line_1_39' title="bbox 81 2699 1439 2760; baseline -0.002 -12"><span class='ocrx_word' id='word_1_310' title='bbox 81 2709 227 2756; x_wconf 78' lang='grc' dir='ltr'><em>θιῦνα,</em></span> <span class='ocrx_word' id='word_1_311' title='bbox 260 2709 335 2760; x_wconf 84' lang='grc' dir='ltr'><em>τῆς</em></span> <span class='ocrx_word' id='word_1_312' title='bbox 365 2707 682 2760; x_wconf 77' lang='grc' dir='ltr'><em>παροιχομένης</em></span> <span class='ocrx_word' id='word_1_313' title='bbox 712 2702 862 2754; x_wconf 86' lang='grc' dir='ltr'><em>νυκτὸς</em></span> <span class='ocrx_word' id='word_1_314' title='bbox 894 2701 999 2758; x_wconf 80' lang='grc' dir='ltr'><em>ὄψιν</em></span> <span class='ocrx_word' id='word_1_315' title='bbox 1032 2702 1135 2746; x_wconf 80' lang='grc' dir='ltr'><em>ἰδὼν</em></span> <span class='ocrx_word' id='word_1_316' title='bbox 1160 2702 1202 2745; x_wconf 77' lang='grc' dir='ltr'><em>ἐν</em></span> <span class='ocrx_word' id='word_1_317' title='bbox 1232 2706 1293 2758; x_wconf 80' lang='grc' dir='ltr'><em>τῷ</em></span> <span class='ocrx_word' id='word_1_318' title='bbox 1319 2699 1439 2759; x_wconf 68' lang='grc' dir='ltr'><em>ὕπνῳ</em></span> 
     </span>
     <span class='ocr_line' id='line_1_40' title="bbox 82 2768 1440 2829; baseline -0.002 -13"><span class='ocrx_word' id='word_1_319' title='bbox 82 2773 270 2829; x_wconf 82' lang='grc' dir='ltr'><em>τοιήνδε·</em></span> <span class='ocrx_word' id='word_1_320' title='bbox 309 2771 451 2815; x_wconf 74' lang='grc' dir='ltr'><em>ἐδόκεε</em></span> <span class='ocrx_word' id='word_1_321' title='bbox 484 2768 699 2827; x_wconf 75' lang='grc' dir='ltr'><em>ὃἾππίης</em></span> <span class='ocrx_word' id='word_1_322' title='bbox 728 2775 779 2826; x_wconf 83' lang='grc' dir='ltr'><em>τῇ</em></span> <span class='ocrx_word' id='word_1_323' title='bbox 811 2772 939 2829; x_wconf 86' lang='grc' dir='ltr'><em>μητρὶ</em></span> <span class='ocrx_word' id='word_1_324' title='bbox 968 2775 1019 2827; x_wconf 81' lang='grc' dir='ltr'><em>τῇ</em></span> <span class='ocrx_word' id='word_1_325' title='bbox 1046 2769 1209 2814; x_wconf 79' lang='grc' dir='ltr'><em>ἑωυτοῦ</em></span> <span class='ocrx_word' id='word_1_326' title='bbox 1242 2785 1440 2826; x_wconf 83' lang='grc' dir='ltr'><em>συνευνη-</em></span> 
     </span>
    </p>
   </div>
   <div class='ocr_carea' id='block_1_21' title="bbox 1452 827 1502 852">
    <p class='ocr_par' dir='ltr' id='par_1_21' title="bbox 1452 827 1502 852">
     <span class='ocr_line' id='line_1_41' title="bbox 1452 827 1502 852; baseline 0.02 -1"><span class='ocrx_word' id='word_1_327' title='bbox 1452 827 1502 852; x_wconf 82' lang='grc'><em>105</em></span> 
     </span>
    </p>
   </div>
   <div class='ocr_carea' id='block_1_22' title="bbox 1458 1706 1508 1731">
    <p class='ocr_par' dir='ltr' id='par_1_22' title="bbox 1458 1706 1508 1731">
     <span class='ocr_line' id='line_1_42' title="bbox 1458 1706 1508 1731; baseline 0 0"><span class='ocrx_word' id='word_1_328' title='bbox 1458 1706 1508 1731; x_wconf 80' lang='grc'><em>106</em></span> 
     </span>
    </p>
   </div>
   <div class='ocr_carea' id='block_1_23' title="bbox 1465 2581 1513 2607">
    <p class='ocr_par' dir='ltr' id='par_1_23' title="bbox 1465 2581 1513 2607">
     <span class='ocr_line' id='line_1_43' title="bbox 1465 2581 1513 2607; baseline 0 0"><span class='ocrx_word' id='word_1_329' title='bbox 1465 2581 1513 2607; x_wconf 86' lang='grc'><em>107</em></span> 
     </span>
    </p>
   </div>
  </div>
 </body>
</html>
