1747 3293
259 901 292 926 40

260 1443 293 1466 41

313 208 370 250 64
719 208 1031 244 HPOAOTOY
1061 206 1100 240 Ζ.
1127 206 1271 241 39—41.

314 282 388 325 τὸν
415 281 495 336 ἐγὼ
523 280 564 323 ἐν
591 277 706 334 ἄλλῳ
734 278 847 332 λόγῳ
876 279 1073 332 σημανέω
1107 272 1166 325 ὥς
1197 273 1375 329 ἐγένετο.
1437 274 1678 331 Μιλτιάδης
1737 318 1739 327 ,

316 350 363 391 δὲ
394 346 656 400 ἀπικόμενος
688 344 730 395 ἐς
761 343 835 399 την
865 344 1140 399 Χερσόνησον
1172 339 1257 394 εἶχε
1293 339 1380 384 κατ’
1404 342 1564 394 οἴκους,
1602 342 1676 385 τὸν

316 413 529 470 ἀδελφεὸν
553 412 830 468 Στησαγόρην
863 409 1024 466 δηλαδὴ
1057 408 1305 463 ἐπιτιμέων.
1367 409 1410 452 οἱ
1441 410 1487 452 δὲ
1511 415 1678 466 Χερσο-

314 490 486 536 νησῖται
510 479 837 533 πυνθανόμενοι
866 482 1004 520 ταῦτα
1034 479 1353 533 συνελέχθησαν
1386 475 1475 520 ἀπὸ
1501 476 1678 520 πασέων

314 554 398 592 τῶν
424 550 590 591 πολίων
617 547 659 590 οἱ
685 546 1016 596 δυναστεύοντες
1040 545 1276 596 πάντοθεν,
1309 548 1436 600 κοινῷ
1465 545 1510 587 δὲ
1536 545 1676 601 στόλῳ

317 615 577 670 ἀπικόμενοι
613 613 672 666 ὡς
709 613 1151 669 συλλυπηθησόμενοι
1189 611 1404 668 ἐδέθησαν
1435 609 1507 656 ὑπ’
1531 610 1677 655 αὐτοῦ.

315 684 556 739 Μιλτιάδης
597 699 644 725 τε
681 681 731 737 δη
769 683 881 735 ’ίσχει
921 681 995 736 την
1032 680 1324 737 Χερσόνησον,
1370 684 1680 731 πεντακοσίους
1731 724 1733 727 ,

317 753 485 805 βόσκων
507 751 775 805 ἐπικούρους,
802 751 873 792 καὶ
892 752 1043 804 γαμέει
1057 747 1224 804 Ὀλόρου
1246 751 1323 791 τοῦ
1345 752 1534 804 Θρηίκων
1551 753 1680 802 βασι-

317 822 413 870 λέος
437 818 510 875 τὴν
538 822 758 874 θυγατέρα
779 815 1077 872 Ἡγησιπύλην.

405 882 537 937 Οὗτος
563 887 609 929 δὲ
641 884 663 929 ὁ
689 890 889 939 Κίμωνος
913 884 1154 939 Μιλτιάδης
1184 884 1339 926 νεωστὶ
1369 883 1446 937 μὲν
1473 882 1680 938 ἐληλύθεε

318 955 361 1006 ἐς
380 954 454 1011 τὴν
468 956 753 1010 Χερσόνησον,
781 952 1074 1006 κατελάμβανε
1101 952 1148 994 δέ
1165 968 1239 1005 μιν
1260 950 1448 994 ἐλθόντα
1468 948 1577 993 ἄλλα
1595 956 1680 994 τῶν
1735 958 1736 961 ’

316 1023 581 1076 κατεχόντων
606 1021 871 1078 πρηγμάτων
894 1020 1192 1075 χαλεπώτερα.
1241 1022 1372 1074 τρίτῳ
1399 1019 1474 1072 μὲν
1493 1017 1574 1074 γὰρ
1595 1018 1682 1062 ἔτεϊ

318 1091 481 1134 τούτων
501 1090 678 1140 Σκύθας
699 1088 914 1145 ἐκφεύγει·
941 1087 1113 1130 Σκύθαι
1131 1085 1212 1142 γὰρ
1240 1086 1281 1129 οἱ
1301 1086 1486 1140 νομάδες
1506 1086 1681 1141 ἐρεθισ-

317 1163 469 1209 θέντες
488 1156 575 1201 «ὖπὸ
601 1159 806 1212 βασιλέος
825 1159 1011 1211 Δαρείου
1040 1154 1397 1210 συνεστράφησαν
1422 1155 1493 1196 καὶ
1517 1152 1680 1210 ἤλασαν

316 1225 441 1281 μέχρι
459 1230 534 1282 τῆς
547 1225 822 1280 Χερσονήσου
842 1223 1015 1279 ταύτης.
1052 1223 1233 1272 τούτους
1254 1221 1458 1272 ἐπιόντας
1479 1220 1554 1264 οὗκ
1572 1219 1682 1265 ὕπο-

318 1298 467 1347 μείνας
492 1291 514 1336 ὁ
541 1292 783 1347 Μιλτιάδης
808 1292 961 1348 ἔφευγε
992 1289 1081 1334 ἀπὸ
1108 1290 1404 1347 Χερσονήσου,
1446 1289 1488 1340 ἐς
1520 1289 1542 1332 ὃ
1570 1290 1616 1333 οἵ
1636 1306 1683 1333 τε

317 1362 491 1403 Σκύθαι
523 1358 870 1416 ἀπηλλάχθησαν
908 1362 981 1400 καί
1015 1376 1087 1412 μιν
1126 1358 1168 1400 οἱ
1199 1355 1411 1413 Δόλογκοι
1446 1357 1682 1414 κατήγαγον
1730 1356 1732 1359 ’

320 1427 479 1472 ὀπίσω.
539 1432 676 1470 ταῦτα
700 1428 777 1481 μὲν
804 1425 853 1482 δὴ
880 1430 1010 1481 τρίτῳ
1039 1425 1124 1468 ἔτεϊ
1148 1426 1360 1482 πρότερον
1387 1424 1574 1481 ἐγεγόνεε
1598 1430 1683 1470 τῶν

318 1497 417 1539 τότε
445 1513 518 1550 μιν
550 1495 832 1547 κατεχόντων·
869 1494 969 1536 τότε
1002 1494 1048 1536 δὲ
1078 1494 1410 1546 πυνθανόμενος
1443 1491 1553 1536 εἶναι
1582 1492 1684 1545 τοὺς

323 1568 523 1614 Φοίνικας
549 1562 591 1606 ἐν
616 1563 792 1618 Τενέδῳ,
821 1561 1058 1617 πληρώσας
1082 1560 1282 1616 τριήρεας
1307 1560 1437 1604 πέντε
1452 1561 1684 1618 χρημάτων
1730 1591 1731 1594 =

320 1637 404 1675 τιῦν
423 1631 674 1688 παρεόντων
696 1628 905 1672 ιἰπέπλωε
927 1628 970 1680 ἐς
994 1627 1072 1679 τὰς
1085 1627 1277 1684 Ἀθήνας.
1326 1630 1398 1672 καὶ
1423 1625 1572 1685 ὥσπερ
1600 1627 1685 1687 ὦρ-

319 1701 441 1756 μηῗθη
464 1699 507 1741 ἐκ
520 1699 712 1754 Καρδίης
732 1698 901 1749 πόλιος,
931 1696 1073 1740 ἕπλωε
1095 1695 1168 1739 διὰ
1188 1701 1264 1739 τοῦ
1283 1698 1477 1748 Μέλανος
1496 1697 1660 1741 κόλπου
1674 1710 1683 1720 ·

321 1766 617 1822 παραμείβετό
644 1783 690 1808 τε
715 1765 788 1822 τὴν
813 1765 1088 1821 Χερσόνησον
1112 1766 1184 1807 καὶ
1210 1764 1253 1807 οἱ
1275 1764 1467 1822 Φοίνικές
1493 1765 1535 1808 οἱ
1559 1782 1685 1823 περι-

321 1839 539 1877 πίπτουσι
562 1838 662 1890 τῇσι
687 1837 823 1890 νηυσί.
885 1830 1014 1883 αὖτὸς
1038 1833 1114 1887 μὲν
1142 1831 1190 1888 δὴ
1217 1833 1459 1889 Μιλτιάδης
1485 1832 1561 1876 σὺν
1585 1838 1685 1890 τῇσι

320 1906 522 1958 τέσσερσι
546 1906 631 1944 τιῦν
657 1905 761 1944 νεῶν
787 1901 1050 1958 καταφεύγει
1076 1899 1118 1951 ἐς
1136 1898 1316 1956 ’Ζιιβροη
1345 1900 1419 1957 τὴν
1447 1901 1494 1943 δέ
1513 1900 1555 1943 οἳ
1573 1905 1686 1956 πέμ-

322 1988 432 2026 πτην
464 1974 548 2011 τῶν
578 1974 683 2012 νειῦν
713 1970 907 2011 κατεῖλον
940 1968 1166 2019 διώκοντες
1198 1968 1240 2011 οἱ
1268 1972 1472 2020 Φοίνικες.
1533 1973 1608 2025 τῆς
1640 1969 1685 2012 δὲ

320 2037 415 2088 νεὸς
440 2038 597 2092 ταύτης
623 2037 741 2090 ἔτυχε
766 2041 850 2079 τιῦν
869 2036 1117 2079 Μιλτιάδεω
1144 2037 1316 2080 παίδων
1336 2035 1358 2080 ὁ
1385 2037 1685 2093 πρεσβύτατος

323 2103 464 2162 ἄρχων
500 2109 731 2160 Μητίοχος,
778 2102 853 2147 οὖκ
890 2104 934 2146 ἐκ
970 2109 1043 2160 τῆς
1069 2102 1236 2159 Ὀλόρου
1273 2109 1349 2148 τοῦ
1389 2105 1568 2161 Θρήικος
1605 2104 1685 2148 ἐὼν

322 2172 543 2229 θυγατρὸς
570 2170 658 2214 ἀλλ’
677 2171 723 2224 ἐξ
747 2170 896 2228 ἄλλης·
933 2174 1005 2214 καὶ
1029 2176 1180 2215 τοῦτον
1208 2169 1298 2226 ἅμα
1328 2178 1379 2229 τῇ
1411 2175 1479 2230 νηὶ
1506 2172 1618 2216 εἷλον
1644 2173 1687 2216 οἱ

327 2245 530 2292 Φοίνικες,
558 2243 631 2282 καί
653 2257 726 2294 μιν
752 2240 1002 2294 πυθόμενοι
1023 2238 1081 2291 (ὃς
1101 2240 1165 2295 εἴη
1185 2241 1434 2283 Μιλτιάδεω
1458 2250 1565 2292 παῖς
1586 2240 1687 2298 ἄνη-

322 2326 452 2364 γαγον
478 2306 600 2364 παρὰ
623 2310 826 2362 βασιλέα,
856 2308 1073 2358 δοκέοντες
1096 2308 1254 2364 χάριτα
1278 2310 1465 2365 μεγάλην
1490 2310 1687 2367 καταθή-
1724 2332 1726 2336 ’

325 2381 506 2428 σεσθαι,
547 2373 615 2418 ὅτι
654 2375 703 2431 δὴ
734 2375 975 2431 Μιλτιάδης
1010 2376 1180 2432 γνώμην
1218 2374 1458 2428 ἀπεδέξατο
1492 2376 1534 2420 ἐν
1569 2386 1688 2421 τοῖσι

314 2442 433 2486 Ἴωσι
464 2447 714 2487 πείθεσθαι
744 2443 925 2486 κελεύων
956 2452 1074 2486 τοῖσι
1097 2444 1313 2501 Σκύθησι,
1348 2442 1417 2487 ὅτι
1448 2445 1490 2487 οἱ
1513 2446 1689 2489 Σκύθαι

325 2511 614 2568 προσεδέοντο
635 2512 847 2561 λύσαντας
866 2510 939 2567 τὴν
960 2512 1129 2568 σχεδίην
1152 2510 1408 2556 άποπλιόειν
1429 2512 1471 2564 ἐς
1486 2512 1560 2570 τὴν
1580 2513 1688 2556 ἑωυ-

326 2584 422 2622 τῶν.
461 2588 645 2637 Δαρεῖος
671 2580 729 2632 δέ,
758 2577 816 2630 ὥς
838 2579 879 2622 οἱ
902 2583 1092 2630 Φοίνικες
1110 2585 1325 2636 Μητίοχον
1344 2580 1417 2624 τὸν
1437 2583 1686 2625 Μιλτιάδεω

326 2646 548 2703 ἀνήγαγον,
583 2647 763 2703 ἐποίησε
788 2646 914 2690 κακὸν
944 2648 1020 2701 μὲν
1053 2645 1175 2690 οῦδὲν
1200 2653 1428 2705 Μητίοχον,
1463 2647 1613 2706 ἀγαθὰ
1641 2651 1688 2694 δὲ

326 2716 476 2767 συχνά·
498 2718 565 2758 καὶ
586 2715 666 2772 γὰρ
683 2713 796 2759 οἶκον
816 2717 884 2758 καὶ
900 2720 1046 2772 κτῆσιν
1061 2716 1192 2759 ἔδωκε
1205 2718 1477 2775 καὶΠερσίδα
1494 2727 1684 2775 γυναῖκα,
1720 2726 1736 2769 =J
