<?xml version="1.0" encoding="UTF-8"?>
<!DOCTYPE html PUBLIC "-//W3C//DTD XHTML 1.0 Transitional//EN"
    "http://www.w3.org/TR/xhtml1/DTD/xhtml1-transitional.dtd">
<html xmlns="http://www.w3.org/1999/xhtml" xml:lang="en" lang="en">
 <head>
  <title>
</title>
<meta http-equiv="Content-Type" content="text/html;charset=utf-8" />
  <meta name='ocr-system' content='tesseract 3.04.00' />
  <meta name='ocr-capabilities' content='ocr_page ocr_carea ocr_par ocr_line ocrx_word'/>
</head>
<body>
  <div class='ocr_page' id='page_1' title='image "./herodotihistori02herouoft_0282.png"; bbox 0 0 1747 3293; ppageno 0'>
   <div class='ocr_carea' id='block_1_1' title="bbox 212 2220 246 2245">
    <p class='ocr_par' dir='ltr' id='par_1_1' title="bbox 212 2220 246 2245">
     <span class='ocr_line' id='line_1_1' title="bbox 212 2220 246 2245; baseline 0 0"><span class='ocrx_word' id='word_1_1' title='bbox 212 2220 246 2245; x_wconf 81' lang='lat'><em>28</em></span> 
     </span>
    </p>
   </div>
   <div class='ocr_carea' id='block_1_2' title="bbox 266 239 1636 2808">
    <p class='ocr_par' dir='ltr' id='par_1_2' title="bbox 271 239 1217 281">
     <span class='ocr_line' id='line_1_2' title="bbox 271 239 1217 281; baseline -0.004 0"><span class='ocrx_word' id='word_1_2' title='bbox 271 239 354 281; x_wconf 82' lang='lat'><em>256</em></span> <span class='ocrx_word' id='word_1_3' title='bbox 685 244 998 279; x_wconf 70' lang='lat' dir='ltr'>HPOAOTOY</span> <span class='ocrx_word' id='word_1_4' title='bbox 1027 242 1217 278; x_wconf 79' lang='lat'>1.27.·28.</span> 
     </span>
    </p>

    <p class='ocr_par' dir='ltr' id='par_1_3' title="bbox 266 305 1636 2468">
     <span class='ocr_line' id='line_1_3' title="bbox 267 305 1632 371; baseline -0.004 -12"><span class='ocrx_word' id='word_1_5' title='bbox 267 318 430 371; x_wconf 87' lang='grc' dir='ltr'><em>μᾶλλον</em></span> <span class='ocrx_word' id='word_1_6' title='bbox 449 313 475 371; x_wconf 82' lang='grc' dir='ltr'><em>ἢ</em></span> <span class='ocrx_word' id='word_1_7' title='bbox 491 312 674 370; x_wconf 66' lang='grc' dir='ltr'><em>Ξίρκάσι.</em></span> <span class='ocrx_word' id='word_1_8' title='bbox 697 311 983 367; x_wconf 75' lang='grc' dir='ltr'><em>Ἡρακλείδας,</em></span> <span class='ocrx_word' id='word_1_9' title='bbox 1006 316 1090 355; x_wconf 83' lang='grc' dir='ltr'><em>τῶν</em></span> <span class='ocrx_word' id='word_1_10' title='bbox 1112 305 1235 354; x_wconf 74' lang='grc' dir='ltr'><em>οὗτοί</em></span> <span class='ocrx_word' id='word_1_11' title='bbox 1254 328 1362 369; x_wconf 91' lang='grc' dir='ltr'><em>φασι</em></span> <span class='ocrx_word' id='word_1_12' title='bbox 1380 309 1632 354; x_wconf 88' lang='grc' dir='ltr'><em>ἀποκτεῖναι</em></span> 
     </span>
     <span class='ocr_line' id='line_1_4' title="bbox 266 378 1633 438; baseline -0.004 -12"><span class='ocrx_word' id='word_1_13' title='bbox 266 383 341 426; x_wconf 84' lang='grc' dir='ltr'><em>τὸν</em></span> <span class='ocrx_word' id='word_1_14' title='bbox 373 380 561 438; x_wconf 79' lang='grc' dir='ltr'><em>ἡγεμόνα</em></span> <span class='ocrx_word' id='word_1_15' title='bbox 593 379 634 423; x_wconf 86' lang='grc' dir='ltr'><em>ἐν</em></span> <span class='ocrx_word' id='word_1_16' title='bbox 661 378 845 435; x_wconf 76' lang='grc' dir='ltr'><em>Ἰσθμῷ,</em></span> <span class='ocrx_word' id='word_1_17' title='bbox 879 379 1061 430; x_wconf 80' lang='grc' dir='ltr'>τούτους</span> <span class='ocrx_word' id='word_1_18' title='bbox 1093 379 1318 436; x_wconf 88' lang='grc' dir='ltr'><em>πρότερον,</em></span> <span class='ocrx_word' id='word_1_19' title='bbox 1359 378 1633 433; x_wconf 83' lang='grc' dir='ltr'><em>ἐξελαυνομέ-</em></span> 
     </span>
     <span class='ocr_line' id='line_1_5' title="bbox 268 444 1632 502; baseline -0.003 -9"><span class='ocrx_word' id='word_1_20' title='bbox 268 466 366 500; x_wconf 89' lang='grc' dir='ltr'><em>νους</em></span> <span class='ocrx_word' id='word_1_21' title='bbox 395 446 483 491; x_wconf 76' lang='grc' dir='ltr'><em>ὑπὸ</em></span> <span class='ocrx_word' id='word_1_22' title='bbox 515 448 690 491; x_wconf 90' lang='grc' dir='ltr'><em>πάντων</em></span> <span class='ocrx_word' id='word_1_23' title='bbox 721 451 806 490; x_wconf 86' lang='grc' dir='ltr'><em>τιῦν</em></span> <span class='ocrx_word' id='word_1_24' title='bbox 827 444 1032 502; x_wconf 77' lang='grc' dir='ltr'><em>Ἑλλήνων</em></span> <span class='ocrx_word' id='word_1_25' title='bbox 1065 445 1107 497; x_wconf 86' lang='grc' dir='ltr'><em>ἐς</em></span> <span class='ocrx_word' id='word_1_26' title='bbox 1137 444 1237 496; x_wconf 84' lang='grc' dir='ltr'><em>τοὺς</em></span> <span class='ocrx_word' id='word_1_27' title='bbox 1268 444 1501 489; x_wconf 78' lang='grc' dir='ltr'><em>ἀπικοίατο</em></span> <span class='ocrx_word' id='word_1_28' title='bbox 1527 447 1632 502; x_wconf 83' lang='grc' dir='ltr'><em>φεύ-</em></span> 
     </span>
     <span class='ocr_line' id='line_1_6' title="bbox 267 511 1633 572; baseline -0.001 -13"><span class='ocrx_word' id='word_1_29' title='bbox 267 532 412 572; x_wconf 85' lang='grc' dir='ltr'><em>γοντες</em></span> <span class='ocrx_word' id='word_1_30' title='bbox 439 514 699 571; x_wconf 78' lang='grc' dir='ltr'><em>δουλοσύνην</em></span> <span class='ocrx_word' id='word_1_31' title='bbox 719 513 830 571; x_wconf 87' lang='grc' dir='ltr'><em>πρὸς</em></span> <span class='ocrx_word' id='word_1_32' title='bbox 852 517 1117 570; x_wconf 81' lang='grc' dir='ltr'><em>Μυκηναίων,</em></span> <span class='ocrx_word' id='word_1_33' title='bbox 1145 517 1298 567; x_wconf 86' lang='grc' dir='ltr'><em>μοῦνοι</em></span> <span class='ocrx_word' id='word_1_34' title='bbox 1317 511 1633 568; x_wconf 73' lang='grc' dir='ltr'><em>ὑποδεξάμενοι</em></span> 
     </span>
     <span class='ocr_line' id='line_1_7' title="bbox 267 578 1634 639; baseline -0.002 -13"><span class='ocrx_word' id='word_1_35' title='bbox 267 584 342 639; x_wconf 70' lang='grc' dir='ltr'><em>τὴν</em></span> <span class='ocrx_word' id='word_1_36' title='bbox 361 580 619 637; x_wconf 71' lang='grc' dir='ltr'><em>Εὐρυσθέος</em></span> <span class='ocrx_word' id='word_1_37' title='bbox 637 578 760 636; x_wconf 66' lang='grc' dir='ltr'><em>ὕβριν</em></span> <span class='ocrx_word' id='word_1_38' title='bbox 779 583 1041 635; x_wconf 79' lang='grc' dir='ltr'><em>κατείλομεν,</em></span> <span class='ocrx_word' id='word_1_39' title='bbox 1071 579 1146 624; x_wconf 81' lang='grc' dir='ltr'><em>σὺν</em></span> <span class='ocrx_word' id='word_1_40' title='bbox 1167 580 1367 623; x_wconf 78' lang='grc' dir='ltr'><em>ἐκείνοισι</em></span> <span class='ocrx_word' id='word_1_41' title='bbox 1385 580 1499 637; x_wconf 87' lang='grc' dir='ltr'><em>μάχῃ</em></span> <span class='ocrx_word' id='word_1_42' title='bbox 1519 581 1634 637; x_wconf 82' lang='grc' dir='ltr'><em>νική-</em></span> 
     </span>
     <span class='ocr_line' id='line_1_8' title="bbox 268 646 1634 704; baseline -0.002 -11"><span class='ocrx_word' id='word_1_43' title='bbox 268 667 419 701; x_wconf 82' lang='grc' dir='ltr'><em>σαντες</em></span> <span class='ocrx_word' id='word_1_44' title='bbox 437 648 540 701; x_wconf 84' lang='grc' dir='ltr'><em>τοὺς</em></span> <span class='ocrx_word' id='word_1_45' title='bbox 552 649 651 692; x_wconf 89' lang='grc' dir='ltr'><em>τότε</em></span> <span class='ocrx_word' id='word_1_46' title='bbox 667 648 839 702; x_wconf 72' lang='grc' dir='ltr'><em>ἔχοντας</em></span> <span class='ocrx_word' id='word_1_47' title='bbox 853 649 1197 704; x_wconf 83' lang='grc' dir='ltr'><em>Πελοπόννησον.</em></span> <span class='ocrx_word' id='word_1_48' title='bbox 1223 652 1351 691; x_wconf 90' lang='grc' dir='ltr'><em>τοῦτο</em></span> <span class='ocrx_word' id='word_1_49' title='bbox 1367 648 1413 691; x_wconf 80' lang='grc' dir='ltr'><em>δὲ</em></span> <span class='ocrx_word' id='word_1_50' title='bbox 1422 646 1634 704; x_wconf 64' lang='grc' dir='ltr'><em>Ἀργείους</em></span> 
     </span>
     <span class='ocr_line' id='line_1_9' title="bbox 267 715 1633 772; baseline -0.003 -11"><span class='ocrx_word' id='word_1_51' title='bbox 267 717 368 768; x_wconf 79' lang='grc' dir='ltr'><em>τοὺς</em></span> <span class='ocrx_word' id='word_1_52' title='bbox 391 716 501 771; x_wconf 81' lang='grc' dir='ltr'><em>μετὰ</em></span> <span class='ocrx_word' id='word_1_53' title='bbox 522 718 802 767; x_wconf 86' lang='grc' dir='ltr'><em>Πολυνείκεος</em></span> <span class='ocrx_word' id='word_1_54' title='bbox 822 715 897 759; x_wconf 85' lang='grc' dir='ltr'><em>ἐπὶ</em></span> <span class='ocrx_word' id='word_1_55' title='bbox 919 716 1060 772; x_wconf 81' lang='grc' dir='ltr'><em>Θήβας</em></span> <span class='ocrx_word' id='word_1_56' title='bbox 1081 715 1329 766; x_wconf 86' lang='grc' dir='ltr'><em>ἐλάσαντας,</em></span> <span class='ocrx_word' id='word_1_57' title='bbox 1355 717 1633 772; x_wconf 83' lang='grc' dir='ltr'><em>τελευτήσαν-</em></span> 
     </span>
     <span class='ocr_line' id='line_1_10' title="bbox 266 782 1635 841; baseline -0.001 -14"><span class='ocrx_word' id='word_1_58' title='bbox 266 803 345 837; x_wconf 86' lang='grc' dir='ltr'><em>τας</em></span> <span class='ocrx_word' id='word_1_59' title='bbox 375 784 449 827; x_wconf 83' lang='grc' dir='ltr'><em>τὸν</em></span> <span class='ocrx_word' id='word_1_60' title='bbox 481 784 619 827; x_wconf 81' lang='grc' dir='ltr'><em>αἷιῦνα</em></span> <span class='ocrx_word' id='word_1_61' title='bbox 648 786 721 827; x_wconf 86' lang='grc' dir='ltr'><em>καὶ</em></span> <span class='ocrx_word' id='word_1_62' title='bbox 759 782 956 841; x_wconf 78' lang='grc' dir='ltr'><em>ἀτάφους</em></span> <span class='ocrx_word' id='word_1_63' title='bbox 992 783 1229 838; x_wconf 85' lang='grc' dir='ltr'><em>κειμένους,</em></span> <span class='ocrx_word' id='word_1_64' title='bbox 1269 784 1635 840; x_wconf 89' lang='grc' dir='ltr'><em>στρατευσάμενοι</em></span> 
     </span>
     <span class='ocr_line' id='line_1_11' title="bbox 269 850 1634 908; baseline -0.002 -12"><span class='ocrx_word' id='word_1_65' title='bbox 269 854 342 897; x_wconf 84' lang='grc' dir='ltr'><em>ἐπὶ</em></span> <span class='ocrx_word' id='word_1_66' title='bbox 367 851 469 903; x_wconf 81' lang='grc' dir='ltr'><em>τοὺς</em></span> <span class='ocrx_word' id='word_1_67' title='bbox 487 853 731 906; x_wconf 75' lang='grc' dir='ltr'><em>Καδμείους</em></span> <span class='ocrx_word' id='word_1_68' title='bbox 757 850 990 895; x_wconf 71' lang='grc' dir='ltr'><em>ἀνελέσθαι</em></span> <span class='ocrx_word' id='word_1_69' title='bbox 1016 868 1061 894; x_wconf 92' lang='grc' dir='ltr'><em>τε</em></span> <span class='ocrx_word' id='word_1_70' title='bbox 1085 850 1186 903; x_wconf 86' lang='grc' dir='ltr'><em>τοὺς</em></span> <span class='ocrx_word' id='word_1_71' title='bbox 1204 851 1377 908; x_wconf 90' lang='grc' dir='ltr'><em>νεκρούς</em></span> <span class='ocrx_word' id='word_1_72' title='bbox 1396 867 1537 907; x_wconf 86' lang='grc' dir='ltr'><em>φαμεν</em></span> <span class='ocrx_word' id='word_1_73' title='bbox 1562 852 1634 893; x_wconf 86' lang='grc' dir='ltr'><em>καὶ</em></span> 
     </span>
     <span class='ocr_line' id='line_1_12' title="bbox 269 912 1633 977; baseline -0.001 -14"><span class='ocrx_word' id='word_1_74' title='bbox 269 921 426 976; x_wconf 81' lang='grc' dir='ltr'><em>θάψαι</em></span> <span class='ocrx_word' id='word_1_75' title='bbox 449 924 525 977; x_wconf 84' lang='grc' dir='ltr'><em>τῆς</em></span> <span class='ocrx_word' id='word_1_76' title='bbox 548 917 755 977; x_wconf 79' lang='grc' dir='ltr'><em>ἡμετέρης</em></span> <span class='ocrx_word' id='word_1_77' title='bbox 781 918 823 962; x_wconf 88' lang='grc' dir='ltr'><em>ἐν</em></span> <span class='ocrx_word' id='word_1_78' title='bbox 846 917 1063 962; x_wconf 77' lang='grc' dir='ltr'><em>Ἐλευσῖνι.</em></span> <span class='ocrx_word' id='word_1_79' title='bbox 1126 918 1217 962; x_wconf 72' lang='grc' dir='ltr'><em>ἔστι</em></span> <span class='ocrx_word' id='word_1_80' title='bbox 1244 919 1290 961; x_wconf 83' lang='grc' dir='ltr'><em>δὲ</em></span> <span class='ocrx_word' id='word_1_81' title='bbox 1314 917 1417 974; x_wconf 82' lang='grc' dir='ltr'><em>ἡμῖν</em></span> <span class='ocrx_word' id='word_1_82' title='bbox 1442 917 1562 975; x_wconf 71' lang='grc' dir='ltr'><em>ἔργον</em></span> <span class='ocrx_word' id='word_1_83' title='bbox 1588 912 1633 961; x_wconf 73' lang='grc' dir='ltr'><em>εὖ</em></span> 
     </span>
     <span class='ocr_line' id='line_1_13' title="bbox 271 985 1634 1042; baseline -0.001 -11"><span class='ocrx_word' id='word_1_84' title='bbox 271 989 364 1042; x_wconf 67' lang='grc' dir='ltr'><em>ἕχον</em></span> <span class='ocrx_word' id='word_1_85' title='bbox 389 990 458 1030; x_wconf 84' lang='grc' dir='ltr'><em>καὶ</em></span> <span class='ocrx_word' id='word_1_86' title='bbox 494 987 536 1038; x_wconf 78' lang='grc' dir='ltr'><em>ἐς</em></span> <span class='ocrx_word' id='word_1_87' title='bbox 557 986 834 1042; x_wconf 61' lang='grc' dir='ltr'><em>Ξίμαζονίδας</em></span> <span class='ocrx_word' id='word_1_88' title='bbox 864 986 943 1038; x_wconf 77' lang='grc' dir='ltr'><em>τὰς</em></span> <span class='ocrx_word' id='word_1_89' title='bbox 975 985 1065 1030; x_wconf 85' lang='grc' dir='ltr'><em>ἀπὸ</em></span> <span class='ocrx_word' id='word_1_90' title='bbox 1095 986 1399 1042; x_wconf 81' lang='grc' dir='ltr'><em>Θερμώδοντος</em></span> <span class='ocrx_word' id='word_1_91' title='bbox 1430 990 1634 1040; x_wconf 83' lang='grc' dir='ltr'><em>ποταμοῦ</em></span> 
     </span>
     <span class='ocr_line' id='line_1_14' title="bbox 269 1053 1635 1112; baseline -0.002 -13"><span class='ocrx_word' id='word_1_92' title='bbox 269 1056 540 1111; x_wconf 72' lang='grc' dir='ltr'><em>ἐσβαλούσας</em></span> <span class='ocrx_word' id='word_1_93' title='bbox 564 1056 662 1098; x_wconf 78' lang='grc' dir='ltr'><em>κοτὲ</em></span> <span class='ocrx_word' id='word_1_94' title='bbox 688 1055 729 1106; x_wconf 83' lang='grc' dir='ltr'><em>ἐς</em></span> <span class='ocrx_word' id='word_1_95' title='bbox 754 1059 829 1112; x_wconf 79' lang='grc' dir='ltr'><em>γῆν</em></span> <span class='ocrx_word' id='word_1_96' title='bbox 854 1053 929 1111; x_wconf 81' lang='grc' dir='ltr'><em>τὴν</em></span> <span class='ocrx_word' id='word_1_97' title='bbox 951 1053 1150 1111; x_wconf 65' lang='grc' dir='ltr'><em>Ἀττικήν.</em></span> <span class='ocrx_word' id='word_1_98' title='bbox 1188 1055 1258 1096; x_wconf 80' lang='grc' dir='ltr'><em>καὶ</em></span> <span class='ocrx_word' id='word_1_99' title='bbox 1285 1053 1327 1096; x_wconf 86' lang='grc' dir='ltr'><em>ἐν</em></span> <span class='ocrx_word' id='word_1_100' title='bbox 1351 1062 1470 1097; x_wconf 91' lang='grc' dir='ltr'><em>τοῖσι</em></span> <span class='ocrx_word' id='word_1_101' title='bbox 1499 1060 1635 1111; x_wconf 85' lang='grc' dir='ltr'><em>Τρωϊ-</em></span> 
     </span>
     <span class='ocr_line' id='line_1_15' title="bbox 267 1119 1635 1178; baseline -0.001 -12"><span class='ocrx_word' id='word_1_102' title='bbox 267 1133 385 1166; x_wconf 91' lang='grc' dir='ltr'><em>κοῖσι</em></span> <span class='ocrx_word' id='word_1_103' title='bbox 410 1123 588 1166; x_wconf 88' lang='grc' dir='ltr'><em>πόνοισι</em></span> <span class='ocrx_word' id='word_1_104' title='bbox 614 1121 816 1177; x_wconf 72' lang='grc' dir='ltr'><em>οὐδαμῶν</em></span> <span class='ocrx_word' id='word_1_105' title='bbox 842 1122 1128 1177; x_wconf 72' lang='grc' dir='ltr'><em>ἐλειπόμεθα.</em></span> <span class='ocrx_word' id='word_1_106' title='bbox 1168 1119 1256 1164; x_wconf 72' lang='grc' dir='ltr'><em>ἀλλ’</em></span> <span class='ocrx_word' id='word_1_107' title='bbox 1275 1119 1323 1164; x_wconf 79' lang='grc' dir='ltr'><em>οὗ</em></span> <span class='ocrx_word' id='word_1_108' title='bbox 1350 1122 1430 1178; x_wconf 90' lang='grc' dir='ltr'><em>γάρ</em></span> <span class='ocrx_word' id='word_1_109' title='bbox 1456 1139 1500 1164; x_wconf 89' lang='grc' dir='ltr'><em>τι</em></span> <span class='ocrx_word' id='word_1_110' title='bbox 1525 1138 1635 1178; x_wconf 86' lang='grc' dir='ltr'><em>προ-</em></span> 
     </span>
     <span class='ocr_line' id='line_1_16' title="bbox 270 1187 1635 1246; baseline -0.001 -12"><span class='ocrx_word' id='word_1_111' title='bbox 270 1196 355 1244; x_wconf 82' lang='grc' dir='ltr'><em>έχει</em></span> <span class='ocrx_word' id='word_1_112' title='bbox 374 1191 538 1233; x_wconf 90' lang='grc' dir='ltr'><em>τούτων</em></span> <span class='ocrx_word' id='word_1_113' title='bbox 559 1189 906 1245; x_wconf 80' lang='grc' dir='ltr'><em>ἐπιμεμνῆσθαι·</em></span> <span class='ocrx_word' id='word_1_114' title='bbox 931 1192 1001 1232; x_wconf 81' lang='grc' dir='ltr'><em>καὶ</em></span> <span class='ocrx_word' id='word_1_115' title='bbox 1022 1188 1101 1246; x_wconf 77' lang='grc' dir='ltr'><em>γὰρ</em></span> <span class='ocrx_word' id='word_1_116' title='bbox 1118 1187 1168 1231; x_wconf 73' lang='grc' dir='ltr'><em>ἂν</em></span> <span class='ocrx_word' id='word_1_117' title='bbox 1183 1190 1361 1246; x_wconf 82' lang='grc' dir='ltr'><em>χρηστοὶ</em></span> <span class='ocrx_word' id='word_1_118' title='bbox 1380 1189 1479 1232; x_wconf 89' lang='grc' dir='ltr'><em>τότε</em></span> <span class='ocrx_word' id='word_1_119' title='bbox 1495 1189 1635 1240; x_wconf 87' lang='grc' dir='ltr'><em>ἐόντες</em></span> 
     </span>
     <span class='ocr_line' id='line_1_17' title="bbox 270 1255 1634 1314; baseline -0.001 -13"><span class='ocrx_word' id='word_1_120' title='bbox 270 1258 403 1301; x_wconf 80' lang='grc' dir='ltr'><em>ὡυτοὶ</em></span> <span class='ocrx_word' id='word_1_121' title='bbox 427 1262 497 1300; x_wconf 81' lang='grc' dir='ltr'><em>νῦν</em></span> <span class='ocrx_word' id='word_1_122' title='bbox 524 1255 574 1300; x_wconf 73' lang='grc' dir='ltr'><em>ἂν</em></span> <span class='ocrx_word' id='word_1_123' title='bbox 599 1255 682 1300; x_wconf 79' lang='grc' dir='ltr'><em>εἷεν</em></span> <span class='ocrx_word' id='word_1_124' title='bbox 708 1257 1016 1314; x_wconf 81' lang='grc' dir='ltr'><em>φλαυρότεροι,</em></span> <span class='ocrx_word' id='word_1_125' title='bbox 1050 1259 1121 1299; x_wconf 88' lang='grc' dir='ltr'><em>καὶ</em></span> <span class='ocrx_word' id='word_1_126' title='bbox 1145 1257 1245 1299; x_wconf 89' lang='grc' dir='ltr'><em>τότε</em></span> <span class='ocrx_word' id='word_1_127' title='bbox 1271 1256 1412 1306; x_wconf 81' lang='grc' dir='ltr'><em>ἐόντες</em></span> <span class='ocrx_word' id='word_1_128' title='bbox 1443 1258 1634 1313; x_wconf 77' lang='grc' dir='ltr'><em>φλαῦροι</em></span> 
     </span>
     <span class='ocr_line' id='line_1_18' title="bbox 266 1320 1632 1381; baseline -0.001 -12"><span class='ocrx_word' id='word_1_129' title='bbox 266 1331 338 1370; x_wconf 83' lang='grc' dir='ltr'><em>νῦν</em></span> <span class='ocrx_word' id='word_1_130' title='bbox 359 1324 410 1368; x_wconf 73' lang='grc' dir='ltr'><em>ἂν</em></span> <span class='ocrx_word' id='word_1_131' title='bbox 431 1323 513 1368; x_wconf 78' lang='grc' dir='ltr'><em>εἷεν</em></span> <span class='ocrx_word' id='word_1_132' title='bbox 533 1323 765 1379; x_wconf 88' lang='grc' dir='ltr'><em>ἀμείνονες.</em></span> <span class='ocrx_word' id='word_1_133' title='bbox 804 1326 1005 1366; x_wconf 82' lang='grc' dir='ltr'><em>παλαιῶν</em></span> <span class='ocrx_word' id='word_1_134' title='bbox 1029 1327 1106 1378; x_wconf 82' lang='grc' dir='ltr'><em>μέν</em></span> <span class='ocrx_word' id='word_1_135' title='bbox 1131 1341 1201 1366; x_wconf 81' lang='grc' dir='ltr'><em>νυν</em></span> <span class='ocrx_word' id='word_1_136' title='bbox 1228 1323 1360 1381; x_wconf 65' lang='grc' dir='ltr'><em>ἔργων</em></span> <span class='ocrx_word' id='word_1_137' title='bbox 1387 1320 1482 1374; x_wconf 77' lang='grc' dir='ltr'><em>ἅλις</em></span> <span class='ocrx_word' id='word_1_138' title='bbox 1508 1323 1632 1368; x_wconf 73' lang='grc' dir='ltr'><em>ἔστω.</em></span> 
     </span>
     <span class='ocr_line' id='line_1_19' title="bbox 266 1388 1634 1451; baseline -0.001 -15"><span class='ocrx_word' id='word_1_139' title='bbox 266 1392 367 1451; x_wconf 73' lang='grc' dir='ltr'><em>ἡμῖν</em></span> <span class='ocrx_word' id='word_1_140' title='bbox 400 1394 445 1436; x_wconf 83' lang='grc' dir='ltr'><em>δὲ</em></span> <span class='ocrx_word' id='word_1_141' title='bbox 477 1392 515 1435; x_wconf 82' lang='grc' dir='ltr'><em>εἰ</em></span> <span class='ocrx_word' id='word_1_142' title='bbox 545 1393 678 1449; x_wconf 80' lang='grc' dir='ltr'><em>μηδὲν</em></span> <span class='ocrx_word' id='word_1_143' title='bbox 710 1389 814 1434; x_wconf 73' lang='grc' dir='ltr'><em>ἄλλο</em></span> <span class='ocrx_word' id='word_1_144' title='bbox 847 1390 937 1435; x_wconf 86' lang='grc' dir='ltr'><em>ἐστὶ</em></span> <span class='ocrx_word' id='word_1_145' title='bbox 970 1389 1324 1448; x_wconf 66' lang='grc' dir='ltr'><em>ἀποδεδεγμένον,</em></span> <span class='ocrx_word' id='word_1_146' title='bbox 1359 1388 1507 1447; x_wconf 70' lang='grc' dir='ltr'><em>ὥσπερ</em></span> <span class='ocrx_word' id='word_1_147' title='bbox 1542 1390 1634 1434; x_wconf 87' lang='grc' dir='ltr'><em>ἐστὶ</em></span> 
     </span>
     <span class='ocr_line' id='line_1_20' title="bbox 266 1454 1629 1516; baseline -0.001 -12"><span class='ocrx_word' id='word_1_148' title='bbox 266 1461 410 1504; x_wconf 87' lang='grc' dir='ltr'><em>πολλά</em></span> <span class='ocrx_word' id='word_1_149' title='bbox 440 1477 486 1503; x_wconf 90' lang='grc' dir='ltr'><em>τε</em></span> <span class='ocrx_word' id='word_1_150' title='bbox 517 1462 589 1502; x_wconf 84' lang='grc' dir='ltr'><em>καὶ</em></span> <span class='ocrx_word' id='word_1_151' title='bbox 622 1454 667 1503; x_wconf 74' lang='grc' dir='ltr'><em>εὖ</em></span> <span class='ocrx_word' id='word_1_152' title='bbox 699 1459 848 1513; x_wconf 66' lang='grc' dir='ltr'><em>ἔχοντα</em></span> <span class='ocrx_word' id='word_1_153' title='bbox 881 1459 919 1502; x_wconf 81' lang='grc' dir='ltr'><em>εἷ</em></span> <span class='ocrx_word' id='word_1_154' title='bbox 949 1463 1088 1503; x_wconf 83' lang='grc' dir='ltr'><em>τέοισι</em></span> <span class='ocrx_word' id='word_1_155' title='bbox 1118 1462 1190 1502; x_wconf 88' lang='grc' dir='ltr'><em>καὶ</em></span> <span class='ocrx_word' id='word_1_156' title='bbox 1221 1456 1393 1502; x_wconf 72' lang='grc' dir='ltr'><em>ἄλλοισι</em></span> <span class='ocrx_word' id='word_1_157' title='bbox 1413 1456 1629 1516; x_wconf 77' lang='grc' dir='ltr'><em>Ἑλλήνιον,</em></span> 
     </span>
     <span class='ocr_line' id='line_1_21' title="bbox 269 1525 1630 1584; baseline 0 -14"><span class='ocrx_word' id='word_1_158' title='bbox 269 1527 378 1571; x_wconf 81' lang='grc' dir='ltr'><em>ἀλλὰ</em></span> <span class='ocrx_word' id='word_1_159' title='bbox 402 1530 473 1570; x_wconf 84' lang='grc' dir='ltr'><em>καὶ</em></span> <span class='ocrx_word' id='word_1_160' title='bbox 500 1525 589 1570; x_wconf 85' lang='grc' dir='ltr'><em>ἀπὸ</em></span> <span class='ocrx_word' id='word_1_161' title='bbox 615 1532 691 1570; x_wconf 83' lang='grc' dir='ltr'><em>τοῦ</em></span> <span class='ocrx_word' id='word_1_162' title='bbox 720 1527 760 1570; x_wconf 81' lang='grc' dir='ltr'><em>ἐν</em></span> <span class='ocrx_word' id='word_1_163' title='bbox 788 1531 1033 1582; x_wconf 79' lang='grc' dir='ltr'><em>Μαραθῶνι</em></span> <span class='ocrx_word' id='word_1_164' title='bbox 1064 1527 1187 1584; x_wconf 71' lang='grc' dir='ltr'><em>ἔργου</em></span> <span class='ocrx_word' id='word_1_165' title='bbox 1215 1525 1332 1580; x_wconf 76' lang='grc' dir='ltr'><em>ἄξιοί</em></span> <span class='ocrx_word' id='word_1_166' title='bbox 1362 1526 1478 1582; x_wconf 83' lang='grc' dir='ltr'><em>εἶμεν</em></span> <span class='ocrx_word' id='word_1_167' title='bbox 1501 1531 1630 1570; x_wconf 81' lang='grc' dir='ltr'><em>τοῦτο</em></span> 
     </span>
     <span class='ocr_line' id='line_1_22' title="bbox 266 1593 1633 1653; baseline -0.002 -13"><span class='ocrx_word' id='word_1_168' title='bbox 266 1596 316 1640; x_wconf 76' lang='grc' dir='ltr'><em>τὸ</em></span> <span class='ocrx_word' id='word_1_169' title='bbox 342 1595 470 1653; x_wconf 83' lang='grc' dir='ltr'><em>γέρας</em></span> <span class='ocrx_word' id='word_1_170' title='bbox 496 1595 603 1650; x_wconf 71' lang='grc' dir='ltr'><em>ἔχειν</em></span> <span class='ocrx_word' id='word_1_171' title='bbox 628 1597 699 1638; x_wconf 85' lang='grc' dir='ltr'><em>καὶ</em></span> <span class='ocrx_word' id='word_1_172' title='bbox 725 1593 834 1638; x_wconf 78' lang='grc' dir='ltr'><em>ἀλλα</em></span> <span class='ocrx_word' id='word_1_173' title='bbox 859 1594 972 1652; x_wconf 85' lang='grc' dir='ltr'><em>πρὸς</em></span> <span class='ocrx_word' id='word_1_174' title='bbox 995 1595 1154 1652; x_wconf 81' lang='grc' dir='ltr'><em>τούτῳ,</em></span> <span class='ocrx_word' id='word_1_175' title='bbox 1189 1595 1344 1646; x_wconf 79' lang='grc' dir='ltr'><em>οἵτινες</em></span> <span class='ocrx_word' id='word_1_176' title='bbox 1368 1599 1522 1649; x_wconf 87' lang='grc' dir='ltr'><em>μοῦνοι</em></span> <span class='ocrx_word' id='word_1_177' title='bbox 1541 1593 1633 1638; x_wconf 82' lang='grc' dir='ltr'><em>Ἑλ-</em></span> 
     </span>
     <span class='ocr_line' id='line_1_23' title="bbox 267 1662 1631 1721; baseline 0 -15"><span class='ocrx_word' id='word_1_178' title='bbox 267 1665 403 1721; x_wconf 78' lang='grc' dir='ltr'><em>λήνιον</em></span> <span class='ocrx_word' id='word_1_179' title='bbox 431 1663 480 1721; x_wconf 78' lang='grc' dir='ltr'><em>δὴ</em></span> <span class='ocrx_word' id='word_1_180' title='bbox 505 1664 911 1720; x_wconf 84' lang='grc' dir='ltr'><em>μουνομαχήσαντες</em></span> <span class='ocrx_word' id='word_1_181' title='bbox 935 1667 997 1720; x_wconf 74' lang='grc' dir='ltr'><em>τῷ</em></span> <span class='ocrx_word' id='word_1_182' title='bbox 1023 1667 1166 1720; x_wconf 82' lang='grc' dir='ltr'><em>Πέρσῃ</em></span> <span class='ocrx_word' id='word_1_183' title='bbox 1198 1664 1270 1706; x_wconf 89' lang='grc' dir='ltr'><em>καὶ</em></span> <span class='ocrx_word' id='word_1_184' title='bbox 1296 1662 1403 1719; x_wconf 68' lang='grc' dir='ltr'><em>ἔργῳ</em></span> <span class='ocrx_word' id='word_1_185' title='bbox 1435 1663 1631 1719; x_wconf 82' lang='grc' dir='ltr'><em>τοσούτῳ</em></span> 
     </span>
     <span class='ocr_line' id='line_1_24' title="bbox 269 1730 1636 1790; baseline -0.001 -15"><span class='ocrx_word' id='word_1_186' title='bbox 269 1733 619 1790; x_wconf 73' lang='grc' dir='ltr'><em>ἐπιχειρήσαντες</em></span> <span class='ocrx_word' id='word_1_187' title='bbox 650 1731 997 1789; x_wconf 84' lang='grc' dir='ltr'><em>περιεγενόμεθα</em></span> <span class='ocrx_word' id='word_1_188' title='bbox 1027 1733 1099 1774; x_wconf 87' lang='grc' dir='ltr'><em>καὶ</em></span> <span class='ocrx_word' id='word_1_189' title='bbox 1132 1730 1382 1787; x_wconf 73' lang='grc' dir='ltr'><em>ἐνικήσαμεν</em></span> <span class='ocrx_word' id='word_1_190' title='bbox 1420 1730 1552 1774; x_wconf 67' lang='grc' dir='ltr'><em>ἔθνεα</em></span> <span class='ocrx_word' id='word_1_191' title='bbox 1590 1730 1636 1784; x_wconf 70' lang='grc' dir='ltr'><em>ἕξ</em></span> 
     </span>
     <span class='ocr_line' id='line_1_25' title="bbox 267 1793 1634 1857; baseline -0.001 -14"><span class='ocrx_word' id='word_1_192' title='bbox 267 1817 313 1843; x_wconf 89' lang='grc' dir='ltr'><em>τε</em></span> <span class='ocrx_word' id='word_1_193' title='bbox 345 1802 415 1842; x_wconf 85' lang='grc' dir='ltr'><em>καὶ</em></span> <span class='ocrx_word' id='word_1_194' title='bbox 444 1800 772 1857; x_wconf 89' lang='grc' dir='ltr'><em>τεσσεράκοντα.</em></span> <span class='ocrx_word' id='word_1_195' title='bbox 834 1793 898 1855; x_wconf 77' lang='grc' dir='ltr'><em>ἀρ’</em></span> <span class='ocrx_word' id='word_1_196' title='bbox 918 1798 966 1842; x_wconf 79' lang='grc' dir='ltr'><em>οὗ</em></span> <span class='ocrx_word' id='word_1_197' title='bbox 1000 1800 1162 1842; x_wconf 86' lang='grc' dir='ltr'><em>δίκαιοί</em></span> <span class='ocrx_word' id='word_1_198' title='bbox 1191 1799 1307 1853; x_wconf 83' lang='grc' dir='ltr'><em>εἶμεν</em></span> <span class='ocrx_word' id='word_1_199' title='bbox 1338 1798 1445 1852; x_wconf 68' lang='grc' dir='ltr'><em>ἔχειν</em></span> <span class='ocrx_word' id='word_1_200' title='bbox 1475 1799 1634 1855; x_wconf 78' lang='grc' dir='ltr'><em>ταύτην</em></span> 
     </span>
     <span class='ocr_line' id='line_1_26' title="bbox 267 1864 1633 1924; baseline -0.001 -14"><span class='ocrx_word' id='word_1_201' title='bbox 267 1867 342 1924; x_wconf 69' lang='grc' dir='ltr'><em>τὴν</em></span> <span class='ocrx_word' id='word_1_202' title='bbox 366 1867 488 1920; x_wconf 65' lang='grc' dir='ltr'><em>τάςιν</em></span> <span class='ocrx_word' id='word_1_203' title='bbox 515 1865 605 1910; x_wconf 85' lang='grc' dir='ltr'><em>ἀπὸ</em></span> <span class='ocrx_word' id='word_1_204' title='bbox 631 1867 787 1910; x_wconf 86' lang='grc' dir='ltr'><em>τούτου</em></span> <span class='ocrx_word' id='word_1_205' title='bbox 813 1868 974 1922; x_wconf 82' lang='grc' dir='ltr'><em>μούνου</em></span> <span class='ocrx_word' id='word_1_206' title='bbox 1006 1871 1082 1910; x_wconf 88' lang='grc' dir='ltr'><em>τοῦ</em></span> <span class='ocrx_word' id='word_1_207' title='bbox 1115 1866 1262 1923; x_wconf 73' lang='grc' dir='ltr'><em>ἐ’ργου;</em></span> <span class='ocrx_word' id='word_1_208' title='bbox 1300 1864 1388 1909; x_wconf 79' lang='grc' dir='ltr'><em>ἀλλ’</em></span> <span class='ocrx_word' id='word_1_209' title='bbox 1407 1864 1456 1910; x_wconf 83' lang='grc' dir='ltr'><em>οὖ</em></span> <span class='ocrx_word' id='word_1_210' title='bbox 1483 1866 1563 1923; x_wconf 82' lang='grc' dir='ltr'><em>γὰρ</em></span> <span class='ocrx_word' id='word_1_211' title='bbox 1592 1867 1633 1910; x_wconf 81' lang='grc' dir='ltr'><em>ἐν</em></span> 
     </span>
     <span class='ocr_line' id='line_1_27' title="bbox 267 1932 1634 1992; baseline 0 -15"><span class='ocrx_word' id='word_1_212' title='bbox 267 1940 329 1991; x_wconf 76' lang='grc' dir='ltr'><em>τῷ</em></span> <span class='ocrx_word' id='word_1_213' title='bbox 355 1936 512 1992; x_wconf 74' lang='grc' dir='ltr'><em>τοιῷδε</em></span> <span class='ocrx_word' id='word_1_214' title='bbox 536 1936 685 1988; x_wconf 82' lang='grc' dir='ltr'><em>τάξιος</em></span> <span class='ocrx_word' id='word_1_215' title='bbox 706 1935 858 1978; x_wconf 80' lang='grc' dir='ltr'><em>εἵνεκεν</em></span> <span class='ocrx_word' id='word_1_216' title='bbox 878 1935 1126 1988; x_wconf 80' lang='grc' dir='ltr'><em>στασιάζειν</em></span> <span class='ocrx_word' id='word_1_217' title='bbox 1146 1938 1319 1990; x_wconf 83' lang='grc' dir='ltr'><em>πρέπει,</em></span> <span class='ocrx_word' id='word_1_218' title='bbox 1349 1932 1495 1991; x_wconf 75' lang='grc' dir='ltr'><em>ἄρτιοί</em></span> <span class='ocrx_word' id='word_1_219' title='bbox 1518 1935 1634 1989; x_wconf 83' lang='grc' dir='ltr'><em>εἰμεν</em></span> 
     </span>
     <span class='ocr_line' id='line_1_28' title="bbox 270 1997 1634 2058; baseline -0.001 -12"><span class='ocrx_word' id='word_1_220' title='bbox 270 2007 520 2046; x_wconf 85' lang='grc' dir='ltr'><em>πείθεσθαι</em></span> <span class='ocrx_word' id='word_1_221' title='bbox 545 2000 657 2057; x_wconf 84' lang='grc' dir='ltr'><em>ὗμῖν,</em></span> <span class='ocrx_word' id='word_1_222' title='bbox 687 1997 721 2045; x_wconf 77' lang='grc' dir='ltr'><em>ὦ</em></span> <span class='ocrx_word' id='word_1_223' title='bbox 746 2003 1106 2057; x_wconf 87' lang='grc' dir='ltr'><em>Λακεδαιμόνιοι,</em></span> <span class='ocrx_word' id='word_1_224' title='bbox 1133 2003 1204 2046; x_wconf 80' lang='grc' dir='ltr'><em>ἵνα</em></span> <span class='ocrx_word' id='word_1_225' title='bbox 1230 2003 1368 2046; x_wconf 84' lang='grc' dir='ltr'><em>δοκέει</em></span> <span class='ocrx_word' id='word_1_226' title='bbox 1395 2001 1634 2058; x_wconf 78' lang='grc' dir='ltr'><em>ἐπιτηδειό-</em></span> 
     </span>
     <span class='ocr_line' id='line_1_29' title="bbox 268 2068 1632 2127; baseline -0.001 -13"><span class='ocrx_word' id='word_1_227' title='bbox 268 2088 397 2114; x_wconf 88' lang='grc' dir='ltr'><em>τατον</em></span> <span class='ocrx_word' id='word_1_228' title='bbox 422 2069 557 2127; x_wconf 75' lang='grc' dir='ltr'><em>ἡμέας</em></span> <span class='ocrx_word' id='word_1_229' title='bbox 583 2068 693 2114; x_wconf 79' lang='grc' dir='ltr'><em>εἶναι</em></span> <span class='ocrx_word' id='word_1_230' title='bbox 718 2070 895 2114; x_wconf 77' lang='grc' dir='ltr'><em>ἑστάναι</em></span> <span class='ocrx_word' id='word_1_231' title='bbox 919 2073 992 2114; x_wconf 90' lang='grc' dir='ltr'><em>καὶ</em></span> <span class='ocrx_word' id='word_1_232' title='bbox 1021 2068 1110 2113; x_wconf 79' lang='grc' dir='ltr'><em>κατ’</em></span> <span class='ocrx_word' id='word_1_233' title='bbox 1129 2068 1348 2122; x_wconf 69' lang='grc' dir='ltr'><em>οὕστινας·</em></span> <span class='ocrx_word' id='word_1_234' title='bbox 1381 2071 1521 2127; x_wconf 83' lang='grc' dir='ltr'><em>πάντῃ</em></span> <span class='ocrx_word' id='word_1_235' title='bbox 1552 2068 1632 2127; x_wconf 80' lang='grc' dir='ltr'><em>γὰρ</em></span> 
     </span>
     <span class='ocr_line' id='line_1_30' title="bbox 267 2136 1634 2196; baseline -0.001 -14"><span class='ocrx_word' id='word_1_236' title='bbox 267 2143 517 2195; x_wconf 80' lang='grc' dir='ltr'><em>τεταγμένοι</em></span> <span class='ocrx_word' id='word_1_237' title='bbox 543 2139 851 2196; x_wconf 83' lang='grc' dir='ltr'><em>πειρησόμεθα</em></span> <span class='ocrx_word' id='word_1_238' title='bbox 878 2136 988 2182; x_wconf 80' lang='grc' dir='ltr'><em>εἶναι</em></span> <span class='ocrx_word' id='word_1_239' title='bbox 1009 2142 1201 2196; x_wconf 86' lang='grc' dir='ltr'><em>χρηστοί.</em></span> <span class='ocrx_word' id='word_1_240' title='bbox 1252 2137 1481 2195; x_wconf 72' lang='grc' dir='ltr'><em>ἐξηγέεσθε</em></span> <span class='ocrx_word' id='word_1_241' title='bbox 1507 2139 1554 2181; x_wconf 81' lang='grc' dir='ltr'><em>δὲ</em></span> <span class='ocrx_word' id='word_1_242' title='bbox 1574 2136 1634 2189; x_wconf 75' lang='grc' dir='ltr'><em>ὥς</em></span> 
     </span>
     <span class='ocr_line' id='line_1_31' title="bbox 270 2204 1634 2262; baseline -0.001 -13"><span class='ocrx_word' id='word_1_243' title='bbox 270 2204 580 2261; x_wconf 67' lang='grc' dir='ltr'><em>πεισομένων.υ</em></span> <span class='ocrx_word' id='word_1_244' title='bbox 617 2206 658 2250; x_wconf 79' lang='grc' dir='ltr'><em>οἳ</em></span> <span class='ocrx_word' id='word_1_245' title='bbox 682 2207 758 2261; x_wconf 78' lang='grc' dir='ltr'><em>μὲν</em></span> <span class='ocrx_word' id='word_1_246' title='bbox 782 2211 920 2249; x_wconf 80' lang='grc' dir='ltr'><em>ταῦτα</em></span> <span class='ocrx_word' id='word_1_247' title='bbox 940 2205 1182 2262; x_wconf 77' lang='grc' dir='ltr'><em>ἀμείβοντο,</em></span> <span class='ocrx_word' id='word_1_248' title='bbox 1210 2207 1566 2259; x_wconf 86' lang='grc' dir='ltr'><em>Λακεδαιμονίων</em></span> <span class='ocrx_word' id='word_1_249' title='bbox 1588 2206 1634 2248; x_wconf 85' lang='grc' dir='ltr'><em>δὲ</em></span> 
     </span>
     <span class='ocr_line' id='line_1_32' title="bbox 270 2271 1633 2331; baseline 0 -15"><span class='ocrx_word' id='word_1_250' title='bbox 270 2272 462 2329; x_wconf 77' lang='grc' dir='ltr'><em>ἀνέβωσε</em></span> <span class='ocrx_word' id='word_1_251' title='bbox 488 2271 606 2317; x_wconf 75' lang='grc' dir='ltr'><em>ἅπαν</em></span> <span class='ocrx_word' id='word_1_252' title='bbox 630 2273 679 2317; x_wconf 86' lang='grc' dir='ltr'><em>τὸ</em></span> <span class='ocrx_word' id='word_1_253' title='bbox 701 2275 997 2330; x_wconf 81' lang='grc' dir='ltr'><em>στρατόπεδον</em></span> <span class='ocrx_word' id='word_1_254' title='bbox 1013 2273 1269 2331; x_wconf 65' lang='grc' dir='ltr'><em>Άθηναίους</em></span> <span class='ocrx_word' id='word_1_255' title='bbox 1290 2273 1633 2329; x_wconf 85' lang='grc' dir='ltr'><em>ἀξιονικοτέρους</em></span> 
     </span>
     <span class='ocr_line' id='line_1_33' title="bbox 269 2339 1633 2400; baseline 0 -16"><span class='ocrx_word' id='word_1_256' title='bbox 269 2340 379 2385; x_wconf 78' lang='grc' dir='ltr'><em>εἶναι</em></span> <span class='ocrx_word' id='word_1_257' title='bbox 411 2341 518 2396; x_wconf 69' lang='grc' dir='ltr'><em>ἔχειν</em></span> <span class='ocrx_word' id='word_1_258' title='bbox 549 2342 597 2386; x_wconf 85' lang='grc' dir='ltr'><em>τὸ</em></span> <span class='ocrx_word' id='word_1_259' title='bbox 629 2346 755 2398; x_wconf 82' lang='grc' dir='ltr'><em>κέρας</em></span> <span class='ocrx_word' id='word_1_260' title='bbox 785 2341 897 2399; x_wconf 79' lang='grc' dir='ltr'><em>ἤπερ</em></span> <span class='ocrx_word' id='word_1_261' title='bbox 924 2341 1143 2400; x_wconf 61' lang='grc' dir='ltr'><em>Ξίρκάδας.</em></span> <span class='ocrx_word' id='word_1_262' title='bbox 1206 2339 1316 2385; x_wconf 74' lang='grc' dir='ltr'><em>οὕτω</em></span> <span class='ocrx_word' id='word_1_263' title='bbox 1350 2340 1399 2398; x_wconf 78' lang='grc' dir='ltr'><em>δὴ</em></span> <span class='ocrx_word' id='word_1_264' title='bbox 1433 2341 1553 2395; x_wconf 68' lang='grc' dir='ltr'><em>ἔσχον</em></span> <span class='ocrx_word' id='word_1_265' title='bbox 1591 2342 1633 2384; x_wconf 78' lang='grc' dir='ltr'><em>οἵ</em></span> 
     </span>
     <span class='ocr_line' id='line_1_34' title="bbox 266 2409 1305 2468; baseline -0.001 -15"><span class='ocrx_word' id='word_1_266' title='bbox 266 2409 489 2467; x_wconf 61' lang='grc' dir='ltr'><em>Ἀθηναῖοι</em></span> <span class='ocrx_word' id='word_1_267' title='bbox 513 2412 583 2453; x_wconf 82' lang='grc' dir='ltr'><em>καὶ</em></span> <span class='ocrx_word' id='word_1_268' title='bbox 610 2409 930 2468; x_wconf 75' lang='grc' dir='ltr'><em>ὑπερεβάλοντο</em></span> <span class='ocrx_word' id='word_1_269' title='bbox 955 2409 1056 2462; x_wconf 78' lang='grc' dir='ltr'><em>τοὺς</em></span> <span class='ocrx_word' id='word_1_270' title='bbox 1085 2410 1305 2468; x_wconf 86' lang='grc' dir='ltr'><em>Τεγεήτας.</em></span> 
     </span>
    </p>

    <p class='ocr_par' dir='ltr' id='par_1_4' title="bbox 266 2472 1633 2808">
     <span class='ocr_line' id='line_1_35' title="bbox 353 2472 1633 2536; baseline 0 -16"><span class='ocrx_word' id='word_1_271' title='bbox 353 2477 474 2521; x_wconf 81' lang='grc' dir='ltr'><em>Μετὰ</em></span> <span class='ocrx_word' id='word_1_272' title='bbox 500 2478 546 2521; x_wconf 81' lang='grc' dir='ltr'><em>δὲ</em></span> <span class='ocrx_word' id='word_1_273' title='bbox 570 2482 706 2521; x_wconf 84' lang='grc' dir='ltr'><em>ταῦτα</em></span> <span class='ocrx_word' id='word_1_274' title='bbox 733 2477 964 2522; x_wconf 85' lang='grc' dir='ltr'><em>ἐτάσσοντο</em></span> <span class='ocrx_word' id='word_1_275' title='bbox 985 2472 1071 2522; x_wconf 81' lang='grc' dir='ltr'><em>ὦδε</em></span> <span class='ocrx_word' id='word_1_276' title='bbox 1091 2479 1134 2522; x_wconf 77' lang='grc' dir='ltr'><em>οἱ</em></span> <span class='ocrx_word' id='word_1_277' title='bbox 1154 2477 1479 2536; x_wconf 85' lang='grc' dir='ltr'><em>ἐπιφοιτέοντές</em></span> <span class='ocrx_word' id='word_1_278' title='bbox 1496 2494 1543 2520; x_wconf 93' lang='grc' dir='ltr'><em>τε</em></span> <span class='ocrx_word' id='word_1_279' title='bbox 1561 2479 1633 2520; x_wconf 85' lang='grc' dir='ltr'><em>καὶ</em></span> 
     </span>
     <span class='ocr_line' id='line_1_36' title="bbox 269 2543 1632 2604; baseline 0 -16"><span class='ocrx_word' id='word_1_280' title='bbox 269 2546 312 2588; x_wconf 82' lang='grc' dir='ltr'><em>οἱ</em></span> <span class='ocrx_word' id='word_1_281' title='bbox 343 2544 473 2603; x_wconf 71' lang='grc' dir='ltr'><em>ἀρχὴν</em></span> <span class='ocrx_word' id='word_1_282' title='bbox 505 2545 709 2597; x_wconf 79' lang='grc' dir='ltr'><em>ἐλθόντες</em></span> <span class='ocrx_word' id='word_1_283' title='bbox 735 2544 959 2604; x_wconf 78' lang='grc' dir='ltr'><em>Ἑλλήνιον·</em></span> <span class='ocrx_word' id='word_1_284' title='bbox 995 2545 1044 2591; x_wconf 88' lang='grc' dir='ltr'><em>τὸ</em></span> <span class='ocrx_word' id='word_1_285' title='bbox 1076 2547 1152 2601; x_wconf 81' lang='grc' dir='ltr'><em>μὲν</em></span> <span class='ocrx_word' id='word_1_286' title='bbox 1184 2544 1324 2599; x_wconf 79' lang='grc' dir='ltr'><em>δεξιὸν</em></span> <span class='ocrx_word' id='word_1_287' title='bbox 1359 2549 1484 2602; x_wconf 83' lang='grc' dir='ltr'><em>κέρας</em></span> <span class='ocrx_word' id='word_1_288' title='bbox 1520 2543 1632 2599; x_wconf 81' lang='grc' dir='ltr'><em>εἶχον</em></span> 
     </span>
     <span class='ocr_line' id='line_1_37' title="bbox 268 2613 1633 2670; baseline -0.001 -12"><span class='ocrx_word' id='word_1_289' title='bbox 268 2615 624 2669; x_wconf 86' lang='grc' dir='ltr'><em>Λακεδαιμονίων</em></span> <span class='ocrx_word' id='word_1_290' title='bbox 647 2614 817 2670; x_wconf 89' lang='grc' dir='ltr'><em>μύριοι·</em></span> <span class='ocrx_word' id='word_1_291' title='bbox 854 2614 1019 2658; x_wconf 88' lang='grc' dir='ltr'><em>τούτων</em></span> <span class='ocrx_word' id='word_1_292' title='bbox 1052 2615 1098 2658; x_wconf 82' lang='grc' dir='ltr'><em>δὲ</em></span> <span class='ocrx_word' id='word_1_293' title='bbox 1128 2613 1229 2666; x_wconf 85' lang='grc' dir='ltr'><em>τοὺς</em></span> <span class='ocrx_word' id='word_1_294' title='bbox 1260 2616 1633 2667; x_wconf 84' lang='grc' dir='ltr'><em>πεντακισχιλίους</em></span> 
     </span>
     <span class='ocr_line' id='line_1_38' title="bbox 270 2680 1633 2739; baseline 0 -15"><span class='ocrx_word' id='word_1_295' title='bbox 270 2682 418 2733; x_wconf 83' lang='grc' dir='ltr'><em>ἐόντας</em></span> <span class='ocrx_word' id='word_1_296' title='bbox 443 2683 721 2739; x_wconf 87' lang='grc' dir='ltr'><em>Σπαρτιήτας</em></span> <span class='ocrx_word' id='word_1_297' title='bbox 747 2681 994 2739; x_wconf 84' lang='grc' dir='ltr'><em>ἐφύλασσον</em></span> <span class='ocrx_word' id='word_1_298' title='bbox 1019 2684 1147 2738; x_wconf 79' lang='grc' dir='ltr'><em>ψιλοὶ</em></span> <span class='ocrx_word' id='word_1_299' title='bbox 1178 2686 1263 2725; x_wconf 83' lang='grc' dir='ltr'><em>τιῦν</em></span> <span class='ocrx_word' id='word_1_300' title='bbox 1295 2680 1506 2724; x_wconf 78' lang='grc' dir='ltr'><em>εἱλωτέων</em></span> <span class='ocrx_word' id='word_1_301' title='bbox 1531 2698 1633 2724; x_wconf 78' lang='grc' dir='ltr'><em>πεν-</em></span> 
     </span>
     <span class='ocr_line' id='line_1_39' title="bbox 266 2748 1631 2808; baseline -0.001 -16"><span class='ocrx_word' id='word_1_302' title='bbox 266 2752 526 2803; x_wconf 83' lang='grc' dir='ltr'><em>τακισχίλιοι</em></span> <span class='ocrx_word' id='word_1_303' title='bbox 562 2752 634 2793; x_wconf 84' lang='grc' dir='ltr'><em>καὶ</em></span> <span class='ocrx_word' id='word_1_304' title='bbox 669 2751 935 2808; x_wconf 81' lang='grc' dir='ltr'><em>τρισμύριοι,</em></span> <span class='ocrx_word' id='word_1_305' title='bbox 980 2753 1080 2807; x_wconf 79' lang='grc' dir='ltr'><em>περὶ</em></span> <span class='ocrx_word' id='word_1_306' title='bbox 1126 2748 1261 2807; x_wconf 78' lang='grc' dir='ltr'><em>ἀνδρα</em></span> <span class='ocrx_word' id='word_1_307' title='bbox 1305 2750 1481 2793; x_wconf 66' lang='grc' dir='ltr'><em>ἕκαστον</em></span> <span class='ocrx_word' id='word_1_308' title='bbox 1519 2748 1631 2793; x_wconf 80' lang='grc' dir='ltr'><em>ἑπτὰ</em></span> 
     </span>
    </p>
   </div>
  </div>
 </body>
</html>
