1747 3293
471 260 786 295 ΗΡΟΔΟΤΟΥ
815 260 861 295 Η.
887 260 1079 296 202-205,
1373 249 1454 289 179

97 331 318 384 Κορίνθου
350 329 623 385 τετρακόσιοι
654 330 725 372 καὶ
755 327 844 373 ἀπὸ
880 331 1108 379 Φλιοῦντος
1140 327 1355 384 διηκόσιοι
1384 328 1456 368 καὶ

96 399 353 449 Μυκηναίων
398 393 656 451 ὀγδώκοντα.
724 390 844 439 οὗτοι
879 397 954 450 μὲν
998 395 1086 439 ἀπὸ
1123 394 1454 451 Πελοποννήσου

97 466 311 518 παρῆσαν,
346 461 436 506 ἀπὸ
471 464 517 506 δὲ
541 468 748 506 Βοιωτῶν
775 468 995 515 Θεσπιέων
1025 481 1072 507 τε
1102 463 1359 507 ἑπτακόσιοι
1382 464 1455 504 καὶ

99 533 295 584 Θηβαίων
320 531 605 586 τετρακόσιοι.
660 531 771 588 πρὸς
795 532 991 574 τούτοισι
1018 532 1239 587 ἐπίκλητοι
1265 530 1454 586 ἐγένοντο

94 601 260 652 Λοκροί
288 615 336 641 τε
362 598 404 640 οἱ
429 596 668 642 Ὀπούντιοι
698 604 967 656 πανστρατιῇ
998 601 1069 641 καὶ
1098 602 1278 641 Φωκέων
1306 600 1454 651 χίλιοι.

97 662 222 707 αὐτοὶ
251 666 332 721 γάρ
365 681 504 722 σφεας
535 667 577 709 οἱ
596 664 791 722 Ἕλληνες
817 666 1147 718 ἐπεκαλέσαντο,
1182 666 1373 722 λέγοντες
1399 664 1452 708 δι’

96 729 283 787 ἀγγέλων
315 731 374 784 ῶς
405 732 528 777 αὐτοὶ
557 735 633 787 μὲν
665 732 804 790 ἥκοιεν
834 734 1081 790 πρόδρομοι
1111 739 1196 776 τῶν
1228 733 1380 785 ἄλλων,
1415 733 1457 775 οἱ

96 800 143 842 δὲ
168 801 317 843 λοιποὶ
343 805 426 843 τῶν
452 802 685 855 συμμάχων
703 802 995 857 προσδόκιμοι
1014 806 1160 843 πᾶσαν
1181 799 1263 843 εἷεν
1281 799 1452 857 ἡμέρην,

94 865 118 922 ἡ
146 868 353 910 θάλασσά
377 868 426 911 τέ
449 885 530 924 σφι
556 869 619 923 εἴη
647 869 689 910 ἐν
715 871 883 925 φυλακῇ
908 866 1229 924 ὑπ’ἰίθηναίων
1247 885 1293 910 τε
1319 885 1455 924 φρου-

95 939 271 990 ρεομένη
297 937 367 977 καὶ
391 935 653 991 Αἰγινητέων
678 938 750 978 καὶ
775 940 859 978 τῶν
885 935 928 986 ἐς
951 934 1026 977 τὸν
1050 934 1246 978 ναυτικὸν
1272 934 1455 989 στρατὸν

93 1005 352 1055 ταχθέντων,
385 1006 458 1044 καί
482 1018 564 1059 σφι
589 1003 652 1058 εἰἠ
681 1002 819 1046 δεινὸν
845 1001 988 1045 οὐδέν·
1027 1001 1074 1044 οὗ
1100 1001 1181 1057 γὰρ
1213 1001 1320 1045 θεὸν
1347 1000 1457 1045 εἶναι

92 1068 167 1112 τὸν
206 1068 385 1112 ἐπιόντα
423 1069 498 1112 ἐπὶ
532 1069 607 1126 τὴν
634 1068 817 1113 Ἑλλάδα
854 1068 943 1112 ἀλλ’
968 1068 1224 1126 ἄνθρωπον,
1264 1068 1373 1112 εἶναι
1411 1071 1457 1112 δὲ

93 1135 254 1193 θνητὸν
281 1134 431 1179 οὐδένα
457 1135 557 1180 οὗδὲ
582 1138 765 1181 ἔσεσθαι
791 1142 851 1193 τῷ
877 1137 1004 1181 κακὸν
1031 1137 1076 1190 ἐξ
1100 1137 1229 1193 ἀρχῆς
1247 1141 1454 1193 γινομένῳ

94 1202 142 1247 οὗ
170 1209 425 1261 συνεμίχθη,
452 1214 569 1248 τοῖσι
596 1206 642 1248 δὲ
666 1209 912 1261 μεγίστοισι
939 1203 1080 1248 αὐτῶν
1105 1209 1306 1261 μέγιστα·
1334 1204 1457 1262 ὀφεί-

93 1274 180 1315 λειν
206 1266 264 1314 ῶν
289 1275 358 1314 καὶ
384 1272 457 1315 τὸν
484 1272 790 1325 ἐπελαύνοντα,
822 1271 881 1324 ῶς
907 1272 1032 1316 ἐόντα
1059 1274 1230 1329 θνητόν,
1266 1271 1355 1316 ἀπὸ
1381 1278 1456 1328 τῆς

94 1341 220 1395 δόξης
251 1349 399 1384 πεσεῖν
432 1338 539 1397 [c'c'v].
590 1341 631 1383 οἱ
663 1342 709 1384 δὲ
739 1345 876 1383 ταῦτα
901 1342 1227 1394 πυνθανόμενοι
1259 1339 1454 1394 ἐβιόθεον

93 1407 136 1460 ἐς
159 1407 234 1464 τὴν
264 1415 456 1464 Τρηχῖνα.

181 1476 382 1519 Τούτοισι
400 1470 510 1531 ἦσαν
529 1479 605 1529 μέν
624 1494 695 1518 νυν
715 1479 785 1519 καὶ
801 1474 925 1519 ἄλλοι
945 1477 1175 1531 στρατηγοὶ
1195 1475 1303 1517 κατὰ
1323 1476 1453 1525 πόλις

92 1543 292 1595 ἑκάστων,
317 1541 338 1586 ὁ
362 1544 407 1585 δὲ
428 1544 740 1597 θωμαζόμενος
757 1544 947 1597 μάλιστα
965 1545 1034 1585 καὶ
1056 1543 1219 1594 παντὸς
1232 1548 1306 1585 τοῦ
1323 1559 1453 1599 στρα-

91 1612 303 1665 τεύματος
334 1609 561 1667 ἡγεόμενος
585 1611 931 1664 Λακεδαιμόνιος
962 1605 1010 1666 ἧν
1040 1611 1261 1666 Λεωνίδης
1292 1609 1314 1653 ὁ
1337 1609 1454 1653 Ἄνα-

91 1679 324 1734 ξανδρίδεω
344 1682 419 1721 τοῦ
434 1682 621 1729 Λέοντος
640 1683 714 1721 τοῦ
733 1677 1061 1735 ,Εἰ-ρυκρατίδεω
1081 1682 1158 1720 τοῦ
1177 1676 1453 1734 Ἀναξάνδρου

32 1790 35 1792 ,
89 1750 164 1788 τοῦ
202 1744 500 1801 Εὐρυκράτεος
535 1750 610 1788 τοῦ
646 1746 910 1802 Πολυδώρου
954 1750 1030 1788 τοῦ
1063 1744 1336 1799 ,ἶίλκαμένεος
1376 1751 1452 1788 τοῦ

94 1815 301 1869 Τηλέκλου
327 1817 403 1855 τοῦ
425 1811 624 1867 ι’-Ιρχέλεω
656 1818 731 1856 τοῦ
754 1811 983 1868 Ἡγησίλεω
1015 1818 1090 1855 τοῦ
1119 1814 1342 1867 Δορύσσου
1376 1818 1452 1855 τοῦ

89 1881 331 1934 Λεωβότεω
362 1885 439 1923 τοῦ
462 1878 737 1936 Ἐχεστράτου
770 1885 845 1923 τοῦ
870 1878 1014 1936 Ἤγιος
1043 1885 1119 1923 τοῦ
1151 1879 1455 1935 Εὐρυσθένεος

90 1952 165 1991 τοῦ
196 1946 503 2004 ,Ἀριστοδήμου
540 1953 617 1991 τοῦ
646 1947 954 2003 Ἀριστομάχου
992 1953 1068 1990 τοῦ
1100 1950 1340 1990 Κλεοδαίου
1377 1953 1453 1991 τοῦ

81 2014 225 2059 Ὕλλου
244 2020 320 2058 τοῦ
339 2014 572 2072 Ἡρακλέος,
596 2017 858 2072 κτησάμενος
878 2015 952 2072 τὴν
970 2018 1198 2072 βασιληίην
1218 2015 1258 2058 ἐν
1271 2016 1452 2072 Σπάρτῃ

91 2084 136 2136 ἐξ
155 2082 498 2140 ἀπροσδοκήτου.
533 2085 660 2135 διξῶν
673 2085 754 2140 γάρ
769 2084 809 2126 οἱ
831 2083 986 2126 ἐόντων
1006 2087 1308 2141 πρεσβυτέριον
1329 2082 1451 2126 ἀδελ-

90 2156 218 2208 φεῶν,
246 2151 508 2205 Κλεομένεός
532 2168 578 2194 τε
602 2154 673 2193 καὶ
699 2151 908 2207 Δωριέος,
946 2149 1192 2208 ἀπελήλατο
1216 2156 1293 2208 τῆς
1319 2168 1451 2209 φρον-

89 2220 207 2269 τίδος
238 2221 337 2275 περὶ
370 2223 445 2275 τῆς
473 2221 715 2276 βασιληίης.
777 2218 1083 2269 ἀποθανόντος
1116 2220 1161 2261 δὲ
1197 2221 1454 2273 Κλεομένεος

91 2283 281 2337 ἄπαιδος
313 2286 482 2342 ἔρσενος
512 2287 656 2342 γόνου,
696 2290 888 2342 Δωριέος
919 2304 964 2329 τε
999 2284 1140 2329 οὐκέτι
1174 2286 1318 2337 ἐόντος
1345 2285 1454 2329 ἀλλὰ

89 2355 420 2411 τελευτήσαντος
450 2357 521 2396 καὶ
552 2355 709 2397 τούτου
744 2354 786 2397 ἐν
811 2356 1000 2410 Σικελίῃ,
1038 2352 1151 2396 οὕτω
1180 2353 1230 2409 δη
1265 2354 1307 2403 ἐς
1331 2362 1454 2397 Λεω-

90 2423 209 2477 νίδην
241 2420 434 2475 ἀνέβαινε
465 2419 489 2477 ἡ
520 2424 743 2477 βασιληίη,
777 2423 849 2463 καὶ
875 2422 989 2463 διότι
1020 2422 1232 2475 πρότερος
1265 2420 1452 2476 ἐγεγόνεε

93 2489 394 2545 Κλεομβρότου
421 2482 564 2541 (οὗτος
583 2487 661 2543 γὰρ
682 2483 730 2544 ἧν
750 2489 962 2538 νεώτατος
977 2487 1307 2542 ,Ἀναξανδρίδεω
1329 2492 1452 2540 παῖς)

91 2558 163 2598 καὶ
189 2555 239 2612 δὴ
264 2557 337 2597 καὶ
356 2553 440 2608 εἶχε
461 2557 719 2608 Κλεομένεος
739 2559 972 2612 θυγατέρα.
1013 2556 1060 2606 ὃς
1082 2556 1180 2597 τότε
1200 2553 1268 2611 ἤιε
1288 2555 1330 2606 ἐς
1352 2562 1453 2611 Θερ-

92 2625 292 2678 μοπύλας
318 2622 622 2675 ἐπιλεξάμενος
647 2620 805 2678 ἄνδρας
830 2640 875 2665 τε
899 2622 1000 2673 τοὺς
1019 2627 1314 2673 κατεστεῶτας
1333 2641 1453 2679 τριη-

92 2695 265 2742 κοσίους
290 2692 359 2732 καὶ
386 2699 502 2733 τοῖσι
529 2689 751 2745 ἐτύγχανον
784 2691 939 2741 παῖδες
971 2690 1124 2741 ἐόντες.
1185 2690 1452 2745 παραλαβών

95 2760 140 2802 δὲ
167 2758 346 2801 ἀπίκετο
372 2759 442 2800 καὶ
465 2761 660 2812 Θηβαίων
684 2757 785 2808 τοὺς
805 2758 846 2809 ἐς
864 2757 937 2801 τὸν
959 2757 1151 2816 ἀριθμὸν
1171 2759 1452 2814 λογισάμενος

1136 2825 1203 2859 12·

1479 542 1529 567 203

1478 1488 1526 1512 204

1479 2098 1527 2123 203
