1747 3293
2 1464 6 1547 ἵ

0 1556 6 1603 ε

0 1612 5 1660 ε

0 1661 5 1735 ἶ

458 255 769 289 ΗΡΟΔΟΤΟΥ
798 255 844 289 Η.
868 255 1056 290 225—228.
1357 243 1438 285 187

86 326 284 379 Περσέων
308 339 354 366 τε
379 324 447 365 καὶ
468 323 822 376 Λακεδαιμονίων
848 320 1048 376 ὠθισμὸς
1074 321 1235 377 ἐγένετο
1261 321 1437 372 πολλός,

85 393 128 444 ἐς
159 392 181 434 ὃ
213 391 368 434 τοῦτόν
397 407 444 433 τε
476 388 604 447 ἀρετῇ
631 390 672 432 οἱ
694 387 888 446 Ἕλληνες
913 388 1196 445 ὑπεξείρυσαν
1227 391 1298 431 καὶ
1324 388 1440 444 ἐτρέ-

86 468 225 515 ψαντο
246 456 347 509 τοὺς
363 456 578 508 ἐναντίους
596 458 804 514 τετράκις.
835 462 963 500 τοῦτο
984 458 1029 499 δὲ
1051 457 1298 512 συνεστήκεε
1315 460 1440 512 μέχρι

84 521 132 569 οὗ
166 527 208 569 οἱ
239 523 314 569 σὺν
341 523 547 581 Ἐπιάλτῃ
579 528 878 581 παρεγένοντο.
939 523 998 574 (ὃς
1029 525 1075 566 δὲ
1110 525 1290 574 τούτους
1324 520 1439 580 ἣκειν

83 594 304 638 ἐπύθοντο
332 590 594 648 οἱἝλληνες,
624 592 821 635 ἐνθεῦτεν
846 591 924 648 ἤδη
952 592 1193 647 ἑτεροιοῦτο
1213 591 1261 634 τὸ
1283 600 1438 642 νεῖκος·

83 661 127 713 ἔς
161 677 208 704 τε
244 659 325 716 γὰρ
360 659 410 703 τὸ
451 658 615 702 στεινὸν
646 663 723 714 τῆς
756 657 860 702 ὁδοῦ
893 658 1128 713 ἀνεχώρεον
1166 657 1329 711 ὀπίσω,
1368 660 1440 700 καὶ

83 727 471 785 παραμειψάμενοι
495 725 544 769 τὸ
570 735 709 779 τεῖχος
735 725 937 776 ἐλθόντες
961 727 1100 777 ἵζοντο
1121 725 1194 768 ἐπὶ
1212 725 1286 768 τὸν
1304 727 1440 767 κολω-

82 796 153 840 νὸν
178 795 337 845 πάντες
364 792 484 844 ἁλέες
510 793 551 836 οἱ
577 791 700 836 ἄλλοι
726 792 834 848 πλὴν
862 797 1070 849 Θηβαίων.
1132 791 1154 835 ὁ
1183 794 1228 834 δὲ
1252 791 1439 843 κολωνὸς

83 864 176 907 ἔστι
207 862 249 906 ἒν
278 866 328 918 τῇ
361 861 519 915 ἐσόδῳ,
560 857 660 902 ὅκου
692 865 763 903 νῦν
796 858 817 902 ὃ
850 862 1019 910 λίθινος
1049 859 1155 902 λέων
1187 860 1334 916 ἕστηκε
1366 859 1439 902 ἐπὶ

82 931 290 985 Λεωνίδῃ.
346 928 388 970 ἐν
412 928 551 982 τούτῳ
579 930 716 983 σφέας
739 931 800 981 τῷ
823 927 950 982 χώρῳ
978 925 1258 980 ἀλεξομένους
1281 930 1441 980 μαχαί-

83 1013 194 1055 ρῃσι,
222 1004 340 1038 τοῖσι
360 992 498 1037 αὐτῶν
520 994 744 1049 ἐτύγχανον
766 994 828 1036 ἔτι
847 998 1114 1049 περιεοῦσαι,
1142 995 1210 1035 καὶ
1228 995 1350 1048 χερσὶ
1368 995 1440 1035 καὶ

83 1065 272 1119 στόμασι
306 1065 551 1114 κατέχωσαν
590 1061 631 1104 οἱ
666 1062 881 1117 βάρβαροι
915 1061 1162 1115 βάλλοντες,
1208 1060 1249 1103 οἱ
1283 1061 1359 1114 μὲν
1397 1060 1442 1112 ἐξ

83 1132 273 1187 ἐναντίης
304 1129 593 1183 ἐπισπόμενοι
622 1130 693 1170 καὶ
723 1128 773 1171 τὸ
808 1129 943 1183 ἔρυμα
972 1133 1049 1171 τοῦ
1081 1133 1243 1181 τείχεος
1275 1128 1440 1183 συγχώ-

84 1215 244 1249 σαντες,
274 1197 315 1239 οἱ
340 1197 386 1239 δὲ
409 1197 717 1252 περιελθόντες
742 1196 964 1238 πάντοθεν
989 1196 1265 1252 περισταδόν.

167 1265 519 1318 Λακεδαιμονίων
546 1265 591 1306 δὲ
616 1265 685 1306 καὶ
714 1268 933 1306 Θεσπιέων
958 1265 1166 1306 τοιούτων
1191 1267 1436 1318 γενομένων,

83 1331 202 1386 ἄιιως
238 1334 406 1386 λέγεται
437 1328 613 1385 ἄριστος
651 1329 754 1387 ἀνὴρ
791 1330 997 1386 γενέσθαι
1027 1331 1304 1387 Σπαρτιήτης
1335 1338 1441 1387 Διη-

82 1403 212 1454 νέκης,
233 1397 306 1440 τὸν
324 1398 425 1441 τόδε
446 1399 555 1454 φασὶ
576 1395 699 1441 εἶπαι
717 1397 766 1440 τὸ
787 1397 892 1448 ἔπος
911 1399 1012 1452 πρὶν
1032 1396 1058 1454 ἢ
1078 1400 1288 1452 συμμῖξαί
1302 1414 1439 1454 σφεας

82 1475 199 1510 τοῖσι
228 1466 437 1521 Μήδοισι,
474 1466 727 1518 πυθόμενον
758 1465 870 1520 πρός
898 1482 970 1507 τευ
1001 1469 1086 1507 τιῦν
1121 1469 1349 1520 Τρηχινίων
1382 1463 1440 1516 (ὃς

84 1532 214 1577 ἒπεὰν
240 1533 282 1575 οἱ
304 1533 518 1588 βάρβαροι
545 1531 713 1575 ἀπίωσι
739 1531 794 1575 τὰ
818 1533 1078 1586 τοξεύματα,
1111 1531 1184 1575 τὸν
1208 1530 1328 1588 ἥλιον
1348 1530 1435 1575 ὑπὸ

82 1605 158 1644 τοῦ
183 1601 381 1657 πλήθεος
405 1605 490 1644 τιῦν
511 1599 666 1643 ὀϊστῶν
686 1598 1035 1657 ἀποκρύπτουσι·
1061 1601 1244 1642 τοσοῦτό
1264 1617 1309 1643 τι
1329 1601 1440 1656 πλῆ-

81 1673 167 1720 θος
193 1666 332 1711 αὗτιῦν
358 1666 487 1710 εἶναι·
517 1667 591 1710 τὸν
618 1669 664 1710 δὲ
691 1665 764 1709 οὔκ
790 1666 1052 1722 ἐκπλαγέντα
1081 1669 1275 1710 τούτοισι
1301 1665 1436 1719 εἶπαι,

82 1735 125 1778 ἒν
151 1734 300 1792 ἀλογίῃ
326 1735 582 1789 ποιεύμενον
606 1734 656 1778 τὸ
682 1735 841 1791 Μήδων
866 1737 1057 1790 πλῆθος,
1093 1732 1151 1785 (ὗς
1181 1735 1326 1778 πάντα
1358 1751 1442 1790 σφι

84 1801 234 1858 ἀγαθὰ
266 1801 288 1845 ὁ
324 1807 543 1859 Τρηχίνιος
579 1804 714 1854 ξεῖνος
745 1800 958 1858 ἀγγέλλοι,
998 1801 1036 1844 εἰ
1073 1799 1438 1858 ἀποκρυπτόντων

80 1875 166 1913 τιῦν
195 1870 354 1926 Μήδων
384 1869 458 1912 τὸν
489 1867 608 1926 ἥλιον
639 1867 726 1912 ὑπὸ
759 1874 854 1927 σκιῇ
893 1869 1035 1911 ἔσοιτο
1071 1867 1184 1925 πρὸς
1221 1867 1377 1920 αὖτοὺς
1413 1866 1436 1924 ἡ

81 1937 193 1993 μάχη
219 1938 289 1979 καὶ
317 1935 391 1979 οὐκ
417 1936 459 1979 ἐν
483 1935 603 1993 ἡλίῳ.
640 1941 777 1980 ταῦτα
799 1938 876 1991 μὲν
900 1938 970 1978 καὶ
991 1935 1099 1978 ἄλλα
1118 1937 1439 1993 τοιουτότροπα
1480 1951 1494 1975 2

82 2004 188 2047 ἔπεά
221 2020 332 2062 φασι
364 2008 569 2060 Διηνέκεα
598 2003 672 2047 τὸν
703 2005 1047 2058 Λακεδαιμόνιον
1083 2005 1299 2047 λιπέσθαι
1334 2022 1439 2061 μνη-

80 2072 266 2126 μόσυνα·
302 2071 412 2126 μετὰ
444 2073 489 2114 δὲ
524 2076 676 2115 τοῦτον
708 2071 962 2128 ἀριστεῦσαι
998 2074 1193 2127 λέγονται
1223 2074 1439 2116 Λακεδαι-

80 2139 226 2193 μόνιοι
252 2139 329 2181 δύο
356 2137 579 2195 ἀδελφεοί,
610 2138 787 2195 Ἀλφεός
812 2157 857 2182 τε
881 2142 952 2181 καὶ
978 2140 1138 2194 Μάρων
1159 2138 1436 2196 Ὀρσιφάντου

82 2207 249 2257 παῖδες.
312 2211 531 2249 Θεσπιέων
564 2208 609 2249 δὲ
640 2205 859 2261 εὐδοκίμεε
889 2207 1081 2261 μάλιστα
1111 2212 1170 2263 τῷ
1199 2205 1361 2262 οὕνομα
1386 2202 1435 2264 ἦν

82 2274 368 2328 Διθύραμβος
388 2272 663 2328 Ἁρματίδεω.

168 2345 391 2396 Θαφθεῐσι
411 2342 457 2384 δέ
477 2358 557 2398 σφι
578 2340 709 2384 αὐτοῦ
730 2343 861 2399 ταύτῃ
882 2347 1018 2398 τῇπερ
1040 2342 1206 2394 ἔπεσον,
1234 2345 1303 2385 καὶ
1321 2352 1437 2386 τοῖσι

82 2407 294 2463 πρότερον
318 2409 597 2464 τελευτήσασι
627 2407 653 2464 ἢ
685 2407 772 2452 ὑπὸ
798 2411 1026 2452 Λεωνίδεω
1059 2408 1438 2466 ἀποπεμφθέντας

84 2476 300 2526 οἴχεσθαι,
329 2473 641 2531 ἐπιγέγραπται
665 2477 897 2532 γράμματα
922 2478 1097 2532 λέγοντα
1121 2478 1236 2519 τάδε.

251 2542 455 2595 μυριάσιν
481 2543 587 2584 ποτὲ
611 2544 714 2599 τᾷδε
737 2548 1007 2599 τριακοσίαις
1033 2544 1239 2597 ἐμάχοντο

309 2608 352 2651 ἐκ
380 2610 709 2652 Πελοποννάσου
733 2611 925 2663 χιλιάδες
949 2611 1132 2666 τέτορες.

82 2680 218 2718 ταῦτα
241 2676 317 2729 μὲν
344 2675 393 2731 δή
419 2685 535 2720 τοῖσι
566 2681 679 2720 πᾶσι
711 2677 1042 2735 ἐπιγέγραπται,
1075 2687 1191 2722 τοῖσι
1217 2679 1263 2721 δὲ
1288 2687 1438 2737 Σπαρ-

82 2743 253 2800 τιήτῃσι
280 2743 366 2799 ἰδίῃ

1463 1276 1513 1301 226

1462 2356 1513 2381 228
