1747 3293
480 275 792 311 ΗΡΟΔΟΤΟΥ
823 276 850 310 Ι.
875 275 1020 310 82-85.
1348 263 1431 305 279

75 352 228 404 θοίνης
257 347 522 402 ποιηθείσης
553 339 602 401 ἧν
632 342 795 387 πολλὸν
824 342 873 386 τὸ
905 346 1047 398 μέσον,
1081 341 1155 386 τὸν
1184 345 1432 397 Παυσανίην

73 416 313 474 γελάσαντα
344 417 731 468 μεταπέμψασθαι
765 416 851 455 τῶν
877 410 1082 468 Ἑλλήνων
1111 409 1214 461 τοὺς
1252 426 1434 466 στρατη-

74 485 188 541 γούς,
218 481 515 526 συνελθόντων
541 481 587 523 δὲ
610 480 775 524 τούτων
801 480 939 523 εἰπεῖν
963 478 1035 522 τὸν
1059 483 1319 535 Παυσανίην,
1347 479 1435 520 δει-

74 551 226 594 κνύντα
246 548 288 600 ἒς
307 548 506 604 ἑκατέρην
524 553 600 591 τοῦ
628 549 803 590 δείπνου
825 547 1118 603 παρασκευήν·
1139 543 1324 602 ((ὀῖνδρες
1338 543 1434 589 Ἕλ-

75 621 213 699 ληνες,
252 618 388 660 τῶνδε
420 616 572 658 εἵνεκεν
606 614 686 671 ἐγώ
720 613 852 668 ὑμέας
889 615 1135 670 συνήγαγον,
1173 613 1435 668 βουλόμενος

75 684 173 739 ὖιιῖν
197 688 276 727 τοῦ
295 684 445 740 Μηδου
471 682 545 740 τὴν
572 681 818 740 ἀφροσύνην
844 681 1016 734 δέξαι,
1004 681 1051 732 ὸς
1074 681 1245 737 τοιήνδε
1266 682 1434 725 δίαιταν

74 752 178 806 έχων
192 747 341 808 ἧλθε’
323 769 366 802 ες
385 749 519 807 ἡμέας
535 748 645 793 ου’τω
662 748 831 805 ὀϊζυρην
852 748 1023 801 έχοντας
1040 745 1430 828 οἰπαιρησόιιενος.υ

73 824 213 863 ταῦτα
243 820 319 873 μὲν
344 822 590 874 Παυσανίην
621 816 790 873 λέγεται
822 816 960 858 εἰπεῖν
991 815 1103 872 πρὸς
1126 815 1228 867 τοὶς
1253 833 1435 873 στρατη-
1459 827 1491 853 83

71 886 174 944 γοὺς
196 891 282 930 τῶν
302 884 516 943 Ἑλλήνων,
545 883 710 940 υστέριιο
735 887 884 938 μέντοι
904 883 1044 940 χρόνω
1070 882 1179 937 μετὰ
1204 887 1341 926 ταῦτα
1365 885 1435 926 καὶ

74 958 158 996 τῶν
183 955 435 997 Πλαταιέων
461 954 583 1007 εὖρον
615 953 758 1004 συχνοὶ
791 950 933 1028 θήκας
961 954 1119 1005 χρυσοῦ
1151 952 1222 992 καὶ
1248 947 1433 1007 ἀργύρου

74 1023 146 1064 καὶ
169 1025 254 1064 τῶν
280 1019 420 1063 άλλων
441 1018 686 1076 χρημάτων.
725 1017 861 1074 ἐφάνη
890 1019 936 1060 δὲ
960 1035 1031 1060 και
1055 1014 1193 1060 τόδε
1176 1015 1353 1072 ὕστερον
1375 1017 1438 1060 ἔτι

75 1089 251 1132 τούτων.
299 1092 385 1130 τῶν
410 1091 566 1142 νεκρῶν
591 1087 985 1142 περιψιλωθέντων
1010 1083 1088 1135 τὰς
1114 1085 1275 1141 σάρκας
1300 1088 1439 1138 (συνε-

77 1157 236 1214 φόρεον
260 1154 340 1213 γὰρ
365 1153 420 1198 τὰ
445 1153 575 1198 ὀστέα
601 1153 643 1196 οἱ
667 1152 906 1203 Πλαταιέες
933 1152 974 1203 ἐς
1000 1152 1072 1194 ἕνα
1094 1154 1251 1208 χῶρον)
1277 1150 1436 1209 εὑρέθη

76 1223 239 1280 κεφαλὴ
267 1222 342 1266 οὐκ
367 1222 524 1276 ἔχουσα
549 1221 689 1278 ῥαφὴν
717 1219 933 1275 οὐδεμίαν,
969 1219 1077 1262 ἀλλὰ
1110 1219 1156 1272 ἐξ
1185 1219 1277 1270 ἑνὸς
1308 1219 1439 1263 ἐοῦσα

78 1290 250 1335 ὀστέου·
289 1290 425 1347 ἐφάνη
459 1290 504 1332 δὲ
535 1291 607 1331 καὶ
636 1289 820 1344 γνάθος,
860 1290 932 1330 καὶ
961 1286 1011 1330 τὸ
1038 1284 1125 1330 ἅνω
1157 1292 1232 1344 τῆς
1256 1287 1436 1343 γνάθου,

78 1359 234 1412 ἔχουσα
260 1356 440 1408 ὀδόντας
464 1360 749 1413 μουνοφυέας,
780 1356 825 1408 ἐξ
842 1355 935 1406 ἑνὸς
956 1353 1108 1398 ὀστέου
1129 1355 1309 1406 πάντας,
1336 1355 1438 1405 τούς

77 1443 124 1470 τε
151 1424 332 1475 ὀδόντας
361 1427 433 1467 καὶ
458 1423 560 1474 τοὺς
584 1427 818 1481 γομφίους·
855 1425 926 1466 καὶ
958 1423 1255 1478 πενταπήχεος
1285 1421 1439 1479 ἀνδρὸς

79 1492 210 1538 ὀστέα
230 1492 380 1549 ἐφάνη.
413 1491 557 1535 ἐπείτε
578 1492 624 1534 δὲ
637 1492 882 1547 Μαρδονίου
904 1490 1077 1547 δευτέρῃ
1098 1488 1231 1547 ἡμέρῃ
1254 1487 1276 1532 δ
1296 1488 1441 1544 νεκρὸς
1464 1503 1498 1529 ει

79 1560 313 1618 ἠφάνιστο,
347 1557 418 1602 ὑπ’
438 1556 535 1601 ὅτευ
567 1559 643 1612 μὲν
676 1557 940 1615 ἀνθρώπων,
972 1557 1022 1600 τὸ
1056 1556 1227 1612 ἀτρεκὲς
1259 1556 1333 1600 οὐκ
1359 1557 1439 1610 ἔχω

82 1629 233 1680 εἰπεῖν,
273 1625 463 1677 πολλοὺς
496 1627 542 1669 δέ
571 1644 691 1677 τινας
723 1624 800 1682 ἤδη
832 1628 903 1668 καὶ
934 1624 1244 1676 παντοδαποὺς
1280 1622 1442 1681 ἤκουσα

80 1697 236 1751 θάψαι
260 1695 517 1752 Μαρδόνιον,
546 1696 618 1736 καὶ
643 1695 763 1750 δῶρα
787 1694 953 1748 μεγάλα
980 1691 1078 1737 οἶδα
1103 1693 1314 1746 λαβόντας
1333 1694 1443 1735 πολ-

80 1762 181 1813 λοὺς
217 1761 339 1820 παρὰ
364 1759 592 1816 Ἀρτόντεω
625 1766 701 1804 τοῦ
733 1761 980 1814 Μαρδονίου
1013 1760 1174 1810 παιδὸς
1206 1759 1279 1802 διὰ
1313 1764 1441 1802 τοῦτο

80 1830 129 1874 τὸ
169 1830 308 1887 ἔργον·
348 1826 468 1879 ὅστις
503 1833 650 1883 μέντοι
686 1823 734 1884 ἧν
767 1826 907 1870 αὐτῶν
939 1825 961 1869 δ
994 1825 1260 1881 ὑπελόμενός
1295 1844 1342 1870 τε
1372 1829 1443 1869 καὶ

81 1898 241 1953 θάψας
264 1896 337 1940 τὸν
362 1896 507 1953 νεκρὸν
532 1896 605 1939 τὸν
630 1896 896 1950 Μαρδονίου,
932 1893 979 1936 οὗ
1016 1895 1203 1946 δύναμαι
1234 1893 1444 1950 ἀτρεκέως

83 1969 332 2009 πυθέσθαι.
394 1964 479 2018 ἔχει
511 1965 558 2006 δέ
587 1981 682 2007 τινα
715 1964 846 2020 φάτιν
877 1964 949 2004 καὶ
981 1962 1308 2018 Διονυσοφάνης
1340 1960 1443 2018 ἀνὴρ

79 2031 277 2090 Ἐφέσιος
307 2033 462 2087 θάψαι
487 2032 745 2088 Μαρδόνιον.
808 2028 937 2072 &2265
969 2031 1045 2083 μὲν
1075 2030 1227 2085 τρόπῳ
1258 2030 1443 2085 τοιούτῳ
1469 2042 1501 2067 55

84 2099 241 2157 ἐτάφη,
283 2100 325 2143 οἱ
357 2101 402 2143 δὲ
423 2098 616 2155 Ἕλληνες
650 2097 708 2150 ὠς
741 2098 782 2141 ἓν
807 2100 1052 2154 Πλαταιῇσι
1083 2096 1157 2154 τὴν
1189 2099 1308 2153 ληΐην
1341 2098 1446 2140 διεί-

84 2170 227 2221 λοντο,
262 2168 460 2211 ἔθαπτον
489 2166 589 2218 τοὺς
621 2166 792 2209 ἑωυτῶν
822 2167 952 2221 χωρὶς
984 2165 1170 2208 ἕκαστοι.
1230 2166 1446 2208 Λακεδαι-

85 2237 231 2290 μόνιοι
267 2237 342 2289 μὲν
378 2235 526 2291 τριξὰς
564 2235 827 2290 ἐποιήσαντο
872 2234 1025 2289 θήκας.
1088 2232 1197 2275 ἔνθα
1233 2234 1310 2286 μὲν
1346 2232 1446 2282 τοὺς

87 2303 227 2358 ἰρένας
260 2303 452 2357 έθαψαν,
486 2307 571 2345 τῶν
603 2319 674 2344 και
707 2302 1000 2351 Ποσειδώνιος
1031 2303 1102 2343 καὶ
1124 2299 1448 2356 Άμομφάρετος

84 2372 192 2427 ἦσαν
223 2372 295 2412 καὶ
324 2370 541 2413 Φιλοκύων
572 2387 617 2412 τε
650 2371 721 2411 καὶ
752 2369 1061 2424 Καλλικράτης.
1124 2385 1165 2410 εν
1196 2369 1272 2420 μὲν
1304 2366 1354 2422 δη
1387 2366 1448 2409 ἑνὶ

85 2442 171 2481 τῶν
196 2454 349 2495 ταφων
369 2439 477 2493 ἦσαν
498 2437 538 2479 οἱ
565 2437 708 2493 ἰρένες,
738 2436 778 2479 ἐν
800 2437 845 2478 δὲ
863 2453 923 2491 τιι)
945 2434 1073 2491 ἑτέρῳ
1096 2435 1137 2476 οἱ
1157 2432 1281 2476 α’λλοι
1298 2441 1448 2490 Σπαρ-

86 2510 242 2561 τιῆται,
273 2522 313 2548 εν
340 2505 386 2547 δὲ
410 2522 471 2560 τῳ
496 2509 626 2561 τρίτῳ
654 2504 695 2546 οἱ
721 2503 906 2552 είλωτες.
953 2503 1073 2544 οὗτοι
1097 2502 1172 2555 μὲν
1199 2498 1312 2544 ου’τω
1339 2501 1446 2544 έθα-

88 2590 208 2625 πτον,
236 2577 436 2628 Τεγεῆται
457 2573 502 2615 δὲ
518 2573 650 2626 χωρὶς
670 2571 837 2620 πάντας
858 2568 933 2612 ἅλ’
915 2586 998 2620 εας,
1023 2567 1326 2624 καὶΑθηναῖοι
1344 2569 1445 2620 τοὶς

89 2639 259 2684 ἑωυτῶν
286 2638 406 2694 ὁμοῦ,
433 2642 506 2682 καὶ
524 2643 738 2695 Μεγαρέες
762 2654 809 2681 τε
833 2639 904 2680 καὶ
928 2637 1129 2680 Φλιάσιοι
1147 2635 1247 2687 τοὺς
1266 2635 1354 2679 ὑπὸ
1373 2641 1448 2692 τῆς

88 2707 231 2751 ἵππου
265 2709 605 2765 διαφθαρέντας.
666 2707 829 2750 τούτων
865 2707 941 2760 μὲν
973 2705 1023 2761 δὴ
1055 2705 1229 2748 πάντων
1266 2705 1447 2761 πλήρεες

91 2773 280 2831 ἐγένοντο
308 2776 350 2819 οἱ
374 2777 527 2833 τάφοι,
562 2780 647 2818 τῶν
680 2775 725 2818 δὲ
751 2771 892 2817 ἄλλων
925 2771 1022 2816 ὅσοι
1047 2775 1118 2816 καὶ
1150 2776 1379 2830 φαίνονται
1405 2771 1447 2814 ἐν
