1747 3293
163 834 210 857 114

160 1713 208 1738 115

237 204 321 246 232
619 209 933 245 HPO-XOTOT
965 210 1008 244 Θ.
1036 210 1226 246 113-115.

233 283 384 337 χιλίην,
423 282 493 322 καὶ
525 276 702 334 Μήδους
732 294 778 320 τε
809 279 880 320 καὶ
910 278 1054 329 Σάκας
1084 281 1157 321 καὶ
1186 284 1425 337 Βακτρίους
1455 297 1502 323 τε
1533 284 1605 324 καὶ

233 348 403 398 Ἰνδούς,
437 348 508 389 καὶ
532 345 606 388 τὸν
631 343 762 397 πεζὸν
787 347 859 388 καὶ
883 343 959 402 τὴν
985 345 1138 389 ἵππον.
1197 351 1334 390 ταῦτα
1363 348 1440 402 μὲν
1473 348 1606 391 ἔθνεα

237 414 317 458 ὅλα
349 415 504 464 εἵλετο,
546 412 590 455 ἐκ
623 413 669 455 δὲ
699 416 785 455 τῶν
816 409 956 455 ἄλλων
995 414 1230 467 συμμάχων
1268 414 1480 471 ἐξελέγετο
1511 414 1601 459 κατ’

237 482 419 537 ὀλίγους,
446 489 563 524 τοῖσι
590 480 708 523 ε’ίδεά
732 496 779 522 τε
803 477 969 536 ὑπῆρχε
996 480 1215 537 διαλέγων,
1243 484 1315 525 καὶ
1341 482 1379 525 εἰ
1403 481 1543 526 τέοισί
1560 501 1604 527 τι

235 548 418 605 χρηστὸν
460 548 636 605 συνῄδεε
679 551 988 603 πεποιημένον.
1056 546 1098 591 ἐν
1142 549 1188 591 δὲ
1229 551 1433 593 πλεῖστον
1475 549 1608 602 ἐ’θνος

236 620 406 673 Πέρσας
432 615 617 671 αἱρέετο,
653 612 812 671 ἄνδρας
837 615 1196 672 στρεπτοφόρους
1219 633 1266 659 τε
1290 619 1363 659 καὶ
1387 619 1607 675 ψελιοφό-

235 701 348 739 ρους,
378 683 450 726 ἒπὶ
479 684 525 726 δὲ
543 683 731 739 Μήδους.
771 676 891 725 οὗτοι
918 683 964 725 δὲ
988 685 1163 740 πλῇθος
1187 684 1262 738 μὲν
1283 682 1358 727 οὗκ
1378 684 1607 737 ἐλάσσονες

236 746 343 809 ἦσαν
373 756 459 795 τιῦν
490 754 703 808 Περσέων,
739 751 861 808 ῥώμῃ
896 751 942 793 δὲ
975 750 1166 802 ἕσσονες·
1206 748 1318 795 ὥστε
1350 752 1606 806 σύμπαντας

235 819 462 876 τριήκοντα
486 818 703 876 μυριάδας
727 821 934 873 γενέσθαι
961 817 1037 861 σὺν
1065 818 1263 862 ἱππεῦσι.
1321 818 1363 862 ἓν
1391 820 1438 862 δὲ
1461 821 1605 877 τούτῳ

234 891 294 943 τῷ
317 887 470 943 χρόνῳ,
500 886 541 930 ἐν
566 891 627 943 τῷ
653 886 900 940 Μαρδόνιός
924 902 970 928 τε
994 884 1069 942 τὴν
1095 885 1298 943 στρατιὴν
1325 887 1506 943 διέκρινε
1530 889 1603 930 καὶ

234 954 394 1011 Ξέρξης
420 949 467 1010 ἧν
493 955 595 1009 περὶ
623 955 871 1009 Θεσσαλίην,
904 953 1159 1010 χρηστήριον
1193 953 1402 1011 ἐληλύθεε
1428 954 1472 998 ἐκ
1497 957 1607 998 Δελ-

236 1027 331 1079 φιῦν
350 1023 749 1076 Λακεδαιμονίοισι,
777 1022 936 1076 Ξέρξην
957 1021 1113 1064 αἰτέειν
1135 1022 1256 1073 δίκας
1274 1027 1351 1065 τοῦ
1371 1024 1603 1066 Λεωνίδεω

236 1091 371 1146 φόνου
404 1092 475 1132 καὶ
499 1088 547 1132 τὸ
576 1089 800 1142 διδόμενον
833 1088 879 1141 ἕξ
903 1088 1061 1132 ἐκείνου
1096 1090 1317 1133 δέκεσθαι.
1373 1093 1604 1145 πέμπουσι

236 1157 285 1213 δὴ
311 1159 471 1215 κήρυκα
495 1156 570 1212 τὴν
595 1161 797 1212 ταχίστην
822 1161 1114 1212 Σπαρτιῆται,
1144 1156 1192 1208 ὃς
1218 1155 1368 1214 ἐπειδὴ
1396 1160 1604 1213 κατέλαβε

237 1225 391 1268 έοῦσαν
423 1225 486 1268 ἔτι
518 1229 665 1267 πᾶσαν
695 1223 769 1279 τὴν
803 1223 1005 1279 στρατιὴν
1038 1223 1079 1266 ἐν
1113 1227 1343 1281 Θεσσαλίῃ,
1384 1224 1528 1269 ἐλθὼν
1561 1225 1606 1277 ἒς

237 1291 344 1347 ὄψιν
376 1291 450 1347 τὴν
475 1293 642 1348 Ξέρξεω
676 1291 792 1346 ἔλεγε
816 1292 920 1333 τάδε
953 1285 1021 1332 (ςῶ
1051 1293 1231 1345 βασιλεῦ
1256 1292 1429 1349 Μήδων,
1462 1299 1605 1336 Λακε-

237 1359 459 1413 δαιμόνιοί
482 1360 529 1402 τέ
555 1375 602 1402 σε
628 1361 699 1400 καὶ
714 1356 986 1415 Ἡρακλεῖδαι
1006 1358 1048 1401 οἱ
1069 1357 1159 1402 ἀπὸ
1180 1360 1386 1416 Σπάρτης
1407 1360 1602 1404 αἰτέουσι

235 1427 371 1483 φόνου
400 1427 531 1478 δίκας,
561 1424 630 1469 ὅτι
656 1427 802 1483 σφέων
827 1424 900 1468 τὸν
918 1427 1102 1479 βασιλέα
1123 1425 1376 1479 ἀπέκτεινας
1397 1428 1604 1486 ῥυόμενον

233 1492 536 1550 τὴνἙλ.λάδα.”
566 1492 588 1537 ὁ
605 1495 649 1536 δὲ
664 1494 850 1550 γελάσας
870 1511 915 1536 τε
935 1496 1004 1536 καὶ
1024 1493 1248 1548 κατασχὼν
1263 1495 1425 1539 πολλὸν
1435 1496 1601 1553 χρόνον,

235 1560 294 1614 ὥς
320 1563 362 1605 οἱ
388 1562 586 1617 ἐτύγχανε
612 1560 868 1619 παρεστεὼς
892 1562 1158 1617 Μαρδόνιος,
1193 1561 1356 1614 δεικνὺς
1383 1563 1425 1615 ἒς
1448 1568 1603 1607 τοῦτον

234 1628 331 1674 εἶπε
357 1628 541 1687 ((τοιγάρ
575 1647 656 1687 σφι
681 1630 927 1686 Μαρδόνιος
960 1627 1033 1673 ὅδε
1066 1630 1186 1681 δίκας
1218 1631 1351 1674 δώσει
1380 1633 1599 1685 τοιαύτας,

237 1699 332 1750 οἵας
346 1698 546 1742 ἐκείνοισι
562 1696 763 1753 πρέπει.”
793 1695 815 1740 ὃ
835 1698 911 1752 μὲν
927 1696 975 1755 δη
993 1698 1223 1752 δεξάμενος
1241 1697 1290 1741 τὸ
1312 1700 1445 1756 ῥηθὲν
1459 1697 1602 1743 ἀπαλ-

234 1767 438 1819 λάσσετο,
478 1766 638 1822 Ξέρξης
676 1766 722 1808 δὲ
752 1766 998 1822 Μαρδόνιον
1031 1765 1072 1808 ἒν
1105 1768 1317 1824 Θεσσαλίῃ
1349 1766 1602 1811 καταλιπών

234 1832 362 1885 αὐτὸς
399 1833 632 1889 ἐπορεύετο
669 1832 777 1876 κατὰ
814 1834 944 1886 τάχος
982 1833 1024 1885 ἒς
1059 1832 1133 1877 τὸν
1160 1831 1489 1891 Ἑλλήσποντον,
1528 1836 1601 1879 καὶ

234 1901 482 1945 ἀπικνέεται
508 1901 550 1953 ἒς
574 1901 648 1945 τὸν
675 1902 812 1957 πόρον
837 1906 911 1958 τῆς
938 1902 1168 1956 διαβάσιος
1195 1901 1236 1944 ἒν
1261 1906 1389 1945 πέντε
1413 1906 1484 1946 καὶ
1502 1920 1601 1947 τεσ-

234 1970 468 2026 σεράκοντα
493 1967 688 2026 ἡμέρῃσι,
718 1968 900 2025 ἀπάγων
924 1973 999 2025 τῆς
1020 1974 1223 2026 στρατιῆς
1249 1967 1370 2012 οὗδὲν
1389 1974 1520 2026 μέρος
1540 1969 1600 2023 ὥς

235 2038 386 2081 εἰπεῖν.
445 2035 546 2080 ὅκου
575 2038 621 2079 δὲ
647 2037 934 2091 πορευόμενοι
964 2040 1157 2093 γινοίατο
1188 2039 1259 2079 καὶ
1291 2036 1379 2080 κατ’
1398 2036 1601 2091 οὕστινας

234 2104 520 2161 ἀνθρώπους,
558 2104 632 2148 τὸν
663 2105 828 2148 τούτων
859 2103 1027 2160 καρπὸν
1064 2103 1330 2162 ἁρπάζοντες
1367 2105 1596 2160 ἐσιτέοντο,

235 2173 272 2216 εἰ
299 2174 344 2216 δὲ
368 2171 536 2228 καρπὸν
560 2173 723 2228 μηδένα
749 2169 925 2228 εἱῗροιεν,
961 2172 1002 2215 οἱ
1028 2173 1073 2215 δὲ
1098 2171 1172 2229 τὴν
1198 2178 1327 2229 ποίην
1353 2173 1426 2230 τὴν
1454 2173 1499 2217 ἐκ
1523 2180 1600 2231 τῆς

231 2246 306 2298 γῆς
337 2239 636 2298 ἀναφυομένην
668 2242 738 2283 καὶ
768 2245 853 2283 τιῦν
886 2241 1092 2296 δενδρέων
1128 2239 1202 2284 τὸν
1234 2241 1389 2298 φλοιὸν
1424 2244 1600 2299 περιλέ-

232 2325 386 2360 ποντες
416 2310 486 2350 καὶ
517 2308 572 2351 τὰ
598 2309 741 2365 φύλλα
771 2308 1113 2365 καταδρέποντες
1143 2309 1397 2365 κατήσθιον,
1432 2308 1598 2364 ὁμοίως

232 2381 316 2419 τῶν
342 2393 387 2419 τε
413 2374 582 2432 ἡμέρων
607 2378 677 2418 καὶ
702 2380 787 2418 τῶν
808 2374 979 2432 ἀγρίων,
1007 2377 1078 2418 καὶ
1099 2376 1270 2419 ἔλειπον
1291 2375 1432 2420 οὐδέν·
1459 2382 1599 2422 ταῦτα

233 2443 272 2487 δ’
290 2444 464 2495 ἐποίευν
484 2442 571 2488 ὑπὸ
593 2446 736 2499 λιμοῦ.
775 2442 997 2498 ἐπιλαβὼν
1018 2444 1064 2486 δὲ
1084 2444 1236 2498 λοιμός
1254 2462 1300 2488 τε
1318 2444 1393 2488 τὸν
1413 2445 1599 2504 στρατὸν

231 2514 301 2555 καὶ
334 2513 578 2568 δυσεντερίη
610 2509 699 2555 κατ’
718 2509 819 2555 ὁδὸν
852 2512 1094 2568 διέφθειρε.
1149 2510 1250 2564 τοὺς
1282 2513 1328 2555 δὲ
1353 2515 1425 2555 καὶ
1448 2513 1598 2557 νουσέ-

234 2597 358 2632 οντας
384 2579 525 2623 αὗτιῦν
549 2582 772 2631 κατέλιπε,
800 2579 1050 2623 ἐπιτάσσων
1074 2584 1173 2637 τῇσι
1199 2581 1370 2633 πόλισι,
1403 2581 1474 2624 ἵνα
1500 2580 1598 2624 ἑκά-

234 2665 358 2691 στοτε
376 2652 539 2704 γίνοιτο
560 2647 760 2698 ἐλαύνων,
782 2648 1046 2702 μελεδαίνειν
1064 2665 1111 2690 τε
1130 2650 1201 2691 καὶ
1220 2651 1405 2705 τρέφειν,
1429 2647 1470 2691 ἐν
1493 2654 1598 2692 Θεσ-

235 2718 360 2773 σαλίῃ
386 2719 433 2759 τέ
457 2733 576 2768 τινας
595 2717 665 2759 καὶ
687 2715 729 2759 ἒν
748 2720 847 2774 Σίρι
867 2720 940 2772 τῆς
959 2720 1166 2773 Παιονίης
1184 2718 1254 2759 καὶ
1277 2715 1318 2759 ἐν
1338 2717 1596 2774 Μακεδονίῃ.
