1747 3293
466 234 778 270 ΗΡΟΔΟΤΟΥ
808 234 847 269 Ζ.
873 235 1019 270 58-61.
1371 226 1422 267 71

63 308 209 349 κοινοῦ
238 307 323 346 τῶν
348 307 669 360 Σπαρτιητέων,
704 301 987 347 ἀποθανοῦσι
1019 304 1064 346 δὲ
1095 304 1210 347 τάδε.
1268 304 1423 356 ἱππέες

64 373 423 430 περιαγγέλλουσι
452 369 502 414 τὸ
533 370 705 427 γεγονὸς
736 370 845 414 κατὰ
875 376 1022 415 πᾶσαν
1054 370 1126 428 τὴν
1157 373 1419 428 Λακωνικήν,

64 439 173 483 κατὰ
199 440 245 482 δὲ
269 438 344 496 τὴν
369 439 499 482 πόλιν
524 447 718 494 γυναῖκες
737 444 987 496 περιιοῦσαι
1007 441 1164 496 λέβητα
1183 439 1421 495 κροτέουσι.

63 506 196 551 ἐπεὰν
217 501 276 550 ὦν
294 511 421 550 τοῦτο
440 510 609 563 γίνηται
628 511 815 558 τοιοῦτο,
844 504 1001 563 ἀνάγκη
1023 507 1069 559 ἐξ
1087 507 1222 564 οἰκίης
1242 507 1423 564 ἑκάστης

64 575 323 630 ἐλευθέρους
357 575 434 617 δύο
466 579 851 628 καταμιαίνεσθαι,
894 573 1029 630 ἄνδρα
1057 592 1104 618 τε
1129 577 1199 617 καὶ
1223 583 1421 631 γυναῖκα·

61 642 120 700 μὴ
147 642 362 699 ποιήσασι
388 642 434 685 δὲ
458 646 586 684 τοῦτο
614 642 762 698 ζημίαι
785 643 970 697 μεγάλαι
995 641 1235 686 ἐπικέαται.
1290 643 1422 697 νόμος

63 712 111 754 δὲ
135 719 253 754 τοῖσι
270 710 657 763 Λακεδαιμονίοισι
681 707 790 751 κατὰ
812 713 897 752 τεῦν
919 709 1133 763 βασιλέων
1157 709 1257 761 τοὺς
1281 711 1423 754 θανά-

62 795 163 829 τους
189 777 281 821 ἐστὶ
308 775 447 827 ὡυτὸς
470 778 542 818 καὶ
566 785 683 818 τοῖσι
711 776 976 832 βαρβάροισι
1000 785 1117 819 τοῖσι
1147 777 1190 819 ἐν
1214 782 1266 835 τῇ
1287 776 1422 834 Άσίῃ·

62 850 148 888 τιῦν
171 844 252 901 γὰρ
279 839 336 887 ὦν
360 844 592 899 βαρβάρων
619 843 661 885 οἱ
684 845 863 894 πλεῦνες
893 840 1045 899 τώυτῷ
1076 844 1193 899 νόμῳ
1223 844 1422 899 χρέονται

61 912 171 955 κατὰ
195 911 296 962 τοὺς
321 911 542 961 θανάτους
566 914 651 953 τιῦν
674 912 904 964 βασιλέων.
948 909 1080 954 ἐπεὰν
1104 910 1184 967 γὰρ
1212 909 1420 969 ἀποθάνῃ

59 977 265 1034 βασιλεὺς
300 979 674 1032 Λακεδαιμονίων,
721 977 764 1021 ἐκ
799 978 946 1034 πάσης
983 979 1051 1021 δεῖ
1084 979 1421 1033 Λακεδαίμονος,

58 1048 191 1102 χωρὶς
209 1045 530 1102 Σπαρτιητέων,
560 1043 739 1101 ἀριθμῷ
765 1050 849 1088 τῶν
874 1049 1107 1102 περιοίκων
1133 1044 1424 1102 ἀναγκαστοὺς

59 1119 105 1165 ἐς
129 1112 177 1156 τὸ
198 1114 325 1169 κῆδος
345 1113 468 1156 ἰέναι.
506 1114 668 1156 τούτων
689 1107 746 1156 ὦν
765 1115 941 1156 καὶτῶν
962 1113 1172 1157 εἱλωτέων
1190 1116 1262 1156 καὶ
1283 1112 1422 1157 αὐτῶν

61 1184 368 1238 Σπαρτιητέων
395 1179 526 1224 ἐπεὰν
552 1183 849 1233 συλλεχθέωσι
875 1180 917 1231 ἐς
941 1179 1081 1225 τώυτὸ
1102 1183 1263 1224 πολλαὶ
1279 1182 1423 1235 χιλιά-

62 1250 132 1300 δες
157 1248 350 1304 σύμμιγα
373 1253 474 1304 τῇσι
497 1250 677 1304 γυναιξί,
705 1249 942 1291 κόπτονταί
964 1265 1010 1292 τε
1030 1247 1083 1292 τὰ
1103 1253 1287 1304 μέτωπα
1312 1266 1423 1306 προ-

60 1317 218 1371 θύμως
253 1318 326 1359 καὶ
361 1316 526 1373 οἰμωγῇ
565 1317 834 1372 διαχρέονται
872 1314 1066 1372 ἀπλέτῳ,
1119 1317 1308 1373 φάμενοι
1345 1316 1419 1361 τὸν

60 1381 245 1427 ὕστατον
272 1383 359 1427 αἰεὶ
383 1382 700 1440 ἀπογενόμενον
726 1388 809 1426 τιῦν
833 1385 1059 1438 βασιλέων,
1098 1389 1251 1427 τοῦτον
1278 1383 1327 1440 δὴ
1352 1402 1422 1440 γε-

59 1451 219 1495 νέσθαι
246 1449 436 1508 ἄριστον.
482 1452 530 1503 ὃς
558 1450 596 1494 δ’
615 1450 665 1495 ἂν
691 1451 732 1495 ἐν
757 1453 935 1508 πολέμῳ
961 1456 1045 1494 τῶν
1069 1453 1283 1506 ΙΒασιλέων
1309 1450 1422 1495 ἀπο-

60 1519 195 1576 θάνῃ,
223 1520 364 1575 τούτῳ
392 1520 438 1562 δὲ
465 1519 643 1562 εἴδωλον
670 1519 952 1570 σκευάσαντες
979 1519 1020 1561 ἐν
1045 1521 1160 1576 κλίνῃ
1188 1513 1233 1562 εὖ
1261 1519 1421 1576 ἐστρω-

59 1590 163 1643 μένῃ
191 1585 435 1644 ἐκφέρουσι.
477 1586 608 1630 έπεὰν
635 1587 680 1629 δὲ
706 1588 914 1641 θάψωσι,
944 1585 1075 1643 ἀγορὴ
1105 1587 1206 1630 δέκα
1232 1585 1420 1644 ἡμερέων

61 1652 139 1697 οὐκ
163 1654 341 1698 ἵσταταί
365 1671 446 1711 σφι
466 1652 559 1697 σι’-δ’
577 1653 826 1711 ἀρχαιρεσίη
850 1655 1020 1707 συνίζει,
1051 1653 1160 1697 ἀλλὰ
1181 1659 1420 1699 πενθέουσι

59 1722 219 1773 ταύτας
245 1721 323 1773 τὰς
348 1720 520 1778 ἡμέρας.

146 1793 451 1845 Συμφέρονται
471 1790 516 1832 δὲ
537 1787 641 1831 ἄλλο
661 1787 761 1832 τόδε
781 1797 898 1833 τοῖσι
911 1793 1117 1846 Πέρσῃσι.
1156 1789 1288 1833 ἐπεὰν
1308 1789 1422 1834 ἀπο-

59 1857 273 1908 θανόντος
297 1861 375 1900 τοῦ
399 1859 603 1911 βασιλέος
629 1855 759 1908 ἄλλος
785 1855 1002 1912 ἐνίστηται
1031 1858 1254 1912 βασιλεύς,
1295 1852 1421 1909 οὗτος

60 1923 84 1968 ὁ
118 1923 245 1968 ἒσιιὺν
277 1923 505 1980 ἐλευθεροῖ
535 1921 655 1975 ὅστις
686 1942 728 1967 τι
758 1929 1066 1981 Σπαρτιητέων
1096 1929 1158 1981 τῷ
1193 1927 1367 1979 Ιδἀσιλέί·
1399 1924 1421 1981 ἢ

59 1997 120 2049 τῷ
153 1993 348 2049 δημοσίῳ
381 1989 562 2049 ὤφειλε·
602 1992 643 2034 ἒν
677 1990 716 2034 δ’
740 1986 793 2035 αὖ
826 1996 1019 2050 Πέρσῃσι
1056 1990 1078 2035 ὃ
1112 1994 1421 2047 κατιστάμενος

58 2059 263 2115 βασιλεὺς
292 2059 365 2104 τὸν
395 2061 768 2117 προοφειλόμενον
800 2062 938 2118 φόρον
968 2065 1107 2115 μετίει
1137 2065 1237 2117 τῇσι
1269 2062 1418 2104 πόλισι

58 2127 244 2184 πάσῃσι.

144 2199 446 2252 Συμφέρονται
473 2196 518 2238 δὲ
543 2197 614 2238 καὶ
635 2197 738 2239 τάδε
756 2197 1043 2252 Αἰγυπτίοισι
1062 2197 1415 2250 Λακεδαιμόνιοι.

58 2262 103 2306 οἱ
132 2263 306 2319 κήρυκες
339 2261 480 2306 αὐτῶν
510 2265 581 2306 καὶ
619 2261 801 2319 αὐληταὶ
841 2267 911 2307 καὶ
941 2265 1143 2320 μάγειροι
1180 2263 1421 2308 ἐκδέκονται

56 2328 136 2381 τὰς
166 2334 392 2388 πατρωίας
422 2334 587 2383 τέχνας,
626 2333 697 2374 καὶ
735 2330 920 2388 αὐλητής
950 2349 996 2375 τε
1029 2330 1220 2387 αὗλητέω
1258 2336 1421 2387 γίνεται

59 2398 131 2439 καὶ
154 2398 359 2453 μάγειρος
382 2402 588 2453 μαγείρου
614 2400 686 2441 καὶ
710 2401 841 2455 κῆρυξ
864 2400 1062 2455 κήρυκος·
1096 2397 1144 2441 οὗ
1179 2398 1286 2440 κατὰ
1312 2401 1420 2452 λαμ-

60 2468 313 2520 προφωνίην
334 2463 634 2518 ἐπιτιθέμενοι
654 2463 778 2509 ἄλλοι
798 2470 935 2521 σφέας
954 2467 1285 2521 παρακληίουσι,
1309 2463 1417 2508 ἀλλὰ

59 2529 169 2573 κατὰ
195 2529 247 2572 τὰ
273 2531 439 2587 πάτρια
465 2530 749 2575 ἐπιτελέουσι.

151 2602 292 2640 Ταῦτα
322 2599 397 2651 μὲν
430 2597 479 2654 δι’]
512 2595 622 2641 οὕτω
654 2604 833 2654 γίνεται·
870 2601 967 2642 τότε
999 2600 1043 2642 δὲ
1074 2599 1147 2643 τὸν
1178 2602 1418 2654 Κλεομένεα

61 2664 187 2708 ἐόντα
219 2664 260 2708 ἐν
292 2669 341 2722 τῇ
371 2666 523 2722 Αἰγίνῃ
556 2669 626 2708 καὶ
657 2665 777 2709 κοινὰ
807 2671 857 2723 τῇ
879 2665 1047 2710 Ἑλλάδι
1080 2666 1230 2723 ἀγαθὰ
1259 2685 1418 2726 προερ-

60 2733 290 2789 γαζόμενον
323 2732 345 2777 ὁ
378 2734 634 2791 Δημάρητος
672 2735 860 2789 διέβαλε,
902 2732 975 2778 οὐκ
1005 2735 1266 2791 Αἰγινητέων
1304 2733 1415 2779 οὕτω

1446 1802 1478 1828 59

1442 2211 1475 2235 60

1442 2613 1475 2639 61.
