1747 3293
193 995 242 1020 184

264 234 345 274 172
646 236 958 272 ΗΡΟΔΟΤΟΥ
989 238 1036 271 Η.
1061 236 1137 269 183.
1165 236 1242 269 184.

261 310 311 353 τὸ
337 307 496 363 μεταξὺ
525 306 592 349 ἐὸν
618 306 815 349 Σκιάθου
841 320 887 346 τε
913 305 983 345 καὶ
1009 307 1268 359 Μαγνησίης,
1289 303 1552 357 ’καλεόμενον
1578 304 1625 346 δὲ

261 377 486 430 Μύρμηκα.
555 373 745 415 ἐνθαῦτα
785 371 826 414 οἱ
861 371 1077 427 βάρβαροι
1114 369 1264 425 ἐπειδὴ
1302 371 1457 427 στήλην
1493 373 1626 414 λίθου

265 442 485 497 ἐπέθηκαν
511 444 765 491 κομίσαντες
797 438 871 481 ἐπὶ
895 437 945 481 τὸ
973 437 1100 494 ἕρμα,
1135 436 1401 492 ὁρμηθέντες
1432 436 1557 481 αὐτοὶ
1583 438 1628 481 ἐκ

266 513 440 564 Θέρμης,
471 505 529 558 ὥς
555 523 636 563 σιμ
661 505 709 548 τὸ
732 504 934 559 ἐμποδὼν
955 505 1142 560 ἐγεγόνεε
1161 506 1370 561 καθαρόν,
1399 505 1628 548 ἐπέπλωον

263 577 435 632 πάσῃσι
469 579 572 631 τῇσι
607 578 748 630 νηυσί,
790 573 936 615 ἕνδεκα
972 570 1134 628 ἡμέρας
1171 572 1379 628 παρέντες
1408 571 1518 626 μετὰ
1553 571 1629 628 τὴν

263 643 467 698 βασιλέος
498 641 690 694 ἐξέλασιν
723 640 767 683 ἐκ
800 644 975 696 Θέρμης.
1036 638 1085 682 τὸ
1119 640 1165 682 δὲ
1195 639 1304 695 ἕρμα
1336 655 1418 697 σφι
1445 639 1630 696 κατηγή-

265 727 371 754 σατο
399 709 467 753 ἐὸν
494 709 535 752 ἐν
561 709 686 765 πόρῳ
713 709 905 761 μάλιστα
929 708 1124 761 Πάμμων
1150 708 1344 762 Σκύριος.
1382 705 1630 764 πανημερὸν

266 780 312 821 δὲ
337 778 556 828 πλώοντες
583 777 624 819 οἱ
647 777 864 831 βάρβαροι
885 774 1111 827 ἐξανύουσι
1128 779 1203 830 τῆς
1223 779 1472 830 Μαγνησίης
1487 774 1631 830 χώρης

268 846 341 889 ἐπὶ
361 846 567 901 Σηπιάδα
591 861 637 887 τε
663 847 732 886 καὶ
758 842 832 886 τὸν
859 841 1053 898 αἰγιαλὸν
1073 840 1146 884 τὸν
1165 841 1323 896 μεταξὺ
1344 845 1632 897 Κασθαναίης

264 930 310 956 τε
336 914 492 963 πόλιος
519 911 643 955 ἐόντα
668 914 740 954 καὶ
763 911 991 967 Σηπιάδος
1017 908 1157 965 ἀκτῆς.

351 984 487 1036 Μέχρι
523 984 600 1033 μέν
635 997 706 1022 νυν
742 980 897 1022 τούτου
932 982 1007 1020 τοῦ
1037 977 1179 1033 χώρου
1212 978 1283 1018 καὶ
1317 979 1631 1032 Θερμοπυλέων

269 1048 452 1104 ἀπαθής
476 1064 522 1090 τε
547 1052 686 1090 κακῶν
711 1041 760 1103 ἦν
781 1044 802 1089 ὁ
825 1046 1019 1102 στρατός,
1047 1047 1118 1086 καὶ
1139 1046 1314 1100 πλῆθος
1331 1038 1380 1100 ἦν
1398 1049 1632 1100 τηνικαῦτα

268 1117 343 1167 ἔτι,
373 1113 431 1166 ὡς
456 1114 537 1170 ἐγὼ
565 1115 915 1168 συμβαλλόμενος
940 1111 1135 1169 εὑρίσκω,
1163 1113 1353 1163 τοσόνδε,
1380 1116 1465 1154 τῶν
1489 1113 1566 1166 μὲν
1586 1111 1632 1155 ἐκ

266 1188 352 1226 τιῦν
376 1187 481 1225 νεῶν
505 1187 591 1225 τιῦν
618 1182 660 1224 ἐκ
684 1186 759 1237 τῆς
779 1179 930 1236 Ἀσίης,
960 1179 1143 1222 ἐουσέων
1170 1178 1282 1222 ἑπτὰ
1305 1182 1376 1222 καὶ
1402 1181 1633 1235 διηκοσίων

265 1253 337 1292 καὶ
361 1252 520 1302 χιλίων,
554 1248 628 1291 τὸν
659 1249 734 1301 μὲν
768 1247 945 1304 ἀρχαῖον
978 1247 1167 1289 ἑκάστων
1200 1251 1285 1288 τιῦν
1312 1246 1474 1289 ἐθνέων
1507 1244 1634 1290 ἐόντα

268 1314 418 1370 ὅμιλον
455 1320 660 1369 τέσσερας
692 1317 763 1357 καὶ
795 1315 931 1357 εἴκοσι
961 1314 1177 1369 μυριάδας
1213 1315 1285 1355 καὶ
1315 1313 1427 1369 πρὸς
1454 1314 1634 1367 χιλιάδα

267 1401 313 1426 τε
344 1385 413 1425 καὶ
445 1386 768 1438 τετρακοσίους,
804 1379 862 1431 (ὃς
894 1379 974 1422 ἀνὰ
1001 1381 1246 1436 διηκοσίους
1278 1379 1436 1438 ἄνδρας
1467 1382 1635 1437 λογιζο-

267 1456 435 1505 μένοισι
468 1450 509 1493 ἐν
542 1449 695 1505 ἑκάστη
729 1453 807 1505 νηί.
870 1448 1132 1502 ἐπεβάτευον
1164 1449 1210 1490 δὲ
1242 1447 1317 1491 ἐπὶ
1345 1449 1511 1492 τούτων
1547 1454 1634 1492 τῶν

267 1524 385 1569 νεῶν,
410 1520 542 1571 χωρὶς
567 1517 756 1560 ἑκάστων
776 1520 861 1558 τῶν
882 1515 1124 1570 ἐπιχωρίων
1151 1515 1404 1570 ἐπιβατέων,
1433 1516 1634 1573 Περσέων

268 1603 314 1629 τε
338 1588 409 1628 καὶ
429 1586 587 1641 Μήδιον
613 1587 683 1627 καὶ
704 1587 875 1627 Σακέων
900 1583 1128 1638 τριήκοντα
1155 1581 1318 1639 ἄνδρες.
1357 1578 1484 1634 οὗτος
1505 1582 1635 1635 ἄλλος

270 1651 420 1708 ὅμιλος
444 1657 606 1708 γίνεται
631 1652 879 1707 τρισμύριοι
905 1654 976 1693 καὶ
1003 1650 1283 1704 ἑξακισχίλιοι
1307 1653 1379 1694 καὶ
1403 1650 1516 1708 πρὸς
1542 1653 1636 1708 διη-

269 1723 414 1765 κόσιοί
437 1738 483 1763 τε
508 1723 580 1763 καὶ
606 1722 720 1763 δέκα.
759 1718 1006 1774 προσθήσω
1034 1716 1073 1761 δ’
1092 1718 1155 1762 ἔτι
1178 1719 1320 1776 τούτῳ
1347 1721 1418 1763 καὶ
1442 1724 1504 1777 τῷ
1524 1737 1636 1774 προ-

269 1794 379 1845 τέρῳ
408 1787 587 1844 ἀριθμῷ
613 1787 712 1838 τοὺς
738 1786 781 1829 ἐκ
806 1791 891 1828 τιῦν
916 1786 1271 1842 πεντηκοντέρων,
1298 1788 1506 1844 ποιήσας,
1543 1784 1568 1831 ὅ
1591 1805 1635 1832 τι

270 1859 401 1900 πλέον
430 1850 475 1912 ἧν
502 1854 640 1898 αὐτῶν
665 1852 692 1910 ἢ
713 1854 905 1903 ἔλασσον,
934 1851 995 1895 ἀν’
1013 1852 1258 1908 ὀγδώκοντα
1278 1853 1438 1912 ἄνδρας
1464 1856 1634 1900 ἐνεῖναι.

272 1926 504 1978 συνελέχθη
533 1923 579 1964 δὲ
608 1926 743 1964 ταῦτα
773 1920 827 1963 τὰ
857 1923 1011 1973 πλοῖα,
1046 1919 1105 1972 ὦς
1134 1924 1205 1965 καὶ
1230 1923 1442 1980 πρότερον
1467 1923 1631 1980 εἰρέθη,

269 1993 498 2047 τρισχίλια.
552 1987 631 2045 ἤδη
666 1983 724 2031 ὦν
757 1986 906 2043 ἄνδρες
938 1987 988 2031 ἂν
1025 1987 1108 2032 εἶεν
1146 1989 1187 2032 ἐν
1225 1988 1398 2033 αὐτοῖσι
1433 1994 1634 2046 τέσσερες

270 2059 477 2114 μυριάδες
501 2058 571 2099 καὶ
599 2057 748 2099 εἴκοσι.
786 2059 912 2097 τοῦτο
937 2060 1013 2109 μέν
1038 2074 1109 2098 νυν
1134 2056 1183 2099 τὸ
1211 2056 1254 2100 ἐκ
1278 2062 1353 2113 τῆς
1367 2056 1507 2114 ᾌσίης
1532 2077 1635 2102 ναυ-

270 2125 388 2169 τικὸν
407 2120 469 2181 ἦν,
492 2125 669 2177 σύμπαν
690 2123 758 2166 ἐὸν
779 2124 1041 2179 πεντήκοντα
1060 2124 1268 2180 μυριάδες
1286 2127 1355 2167 καὶ
1376 2130 1467 2179 μία,
1492 2128 1637 2179 χιλιά-

273 2195 342 2244 δες
367 2210 413 2236 τε
439 2192 582 2235 ἔπεισι
608 2191 680 2234 ἐπὶ
706 2191 890 2248 ταύτῃσι
915 2191 1027 2234 ἑπτὰ
1053 2194 1121 2234 καὶ
1149 2191 1260 2248 πρὸς
1286 2191 1566 2245 ἑκατοντάδες
1591 2196 1640 2247 ἓξ

271 2264 343 2304 καὶ
365 2261 502 2311 δεκάς.
540 2263 616 2302 τοῦ
639 2260 684 2302 δὲ
704 2260 835 2312 πεζοῦ
857 2259 1148 2314 ἑβδομήκοντα
1166 2261 1236 2302 καὶ
1257 2259 1405 2303 ἑκατὸν
1426 2263 1637 2317 μυριάδες

273 2329 476 2384 ἐγίνοντο,
508 2332 594 2370 τῶν
628 2328 673 2369 δὲ
701 2327 870 2370 ἱππέων
897 2325 1007 2369 ὀκτώ
1037 2327 1257 2383 μυριάδες.
1318 2330 1565 2385 προσθήσω
1593 2328 1633 2372 δ’

273 2396 335 2439 ἔτι
361 2396 557 2438 τούτοισι
581 2394 659 2446 τὰς
682 2395 899 2450 καμήλους
923 2394 1024 2445 τοὺς
1050 2393 1304 2446 ἐλαύνοντας
1324 2393 1546 2451 Ἀραβίους
1564 2399 1637 2440 καὶ

272 2462 373 2513 τοὺς
407 2461 461 2505 τὰ
498 2459 671 2516 ἅρματα
706 2465 891 2515 Λίβυας,
936 2463 1112 2518 πλῆθος
1147 2462 1338 2518 ποιήσας
1381 2463 1637 2521 δισμυρίους

274 2529 444 2586 ἄνδρας.
482 2532 553 2572 καὶ
579 2528 628 2586 δη
654 2529 703 2572 τό
730 2545 775 2572 τε
801 2529 844 2571 ἐκ
869 2533 953 2572 τῶν
978 2533 1083 2572 νεῶν
1108 2533 1179 2572 καὶ
1203 2534 1280 2572 τοῦ
1305 2530 1439 2582 πεζοῦ
1459 2534 1638 2588 πλῆθος

276 2601 581 2651 συντιθέμενον
606 2601 768 2653 γίνεται
795 2596 1015 2652 διηκόσιαί
1032 2612 1078 2639 τε
1096 2597 1303 2652 μυριάδες
1321 2600 1393 2640 καὶ
1410 2599 1637 2655 τριήκοντα

276 2668 348 2708 καὶ
372 2670 468 2719 μία,
502 2667 574 2707 καὶ
600 2663 711 2719 πρὸς
734 2664 926 2717 χιλιάδες
953 2663 1064 2706 ἑπτὰ
1088 2666 1160 2706 καὶ
1185 2663 1464 2716 ἑκατοντάδες
1496 2668 1543 2719 ἓξ
1564 2669 1637 2710 καὶ

277 2734 414 2783 δεκάς.
480 2732 721 2785 τοῦτομὲν
757 2731 806 2774 τὸ
846 2730 892 2783 ἐξ
933 2729 1063 2787 αὐτῆς
1104 2736 1180 2788 τῆς
1211 2730 1351 2788 Ἀσίης
1389 2733 1636 2790 στράτευμα
