1747 3293
451 281 763 317 ΗΡΟΔΟΤΟΥ
796 282 839 316 Θ.
866 282 1035 317 98-100.
1339 271 1423 313 225

64 347 318 406 ἀγγελέοντα
342 347 416 406 τὴν
441 350 691 405 παρεοῦσάν
711 367 792 407 σφι
814 350 1052 408 συμφορήν.
1089 349 1254 393 τούτων
1275 350 1321 393 δὲ
1339 353 1424 393 τῶν

65 416 254 473 ἀγγέλων
279 416 369 459 ἔστι
397 415 519 459 οὗδὲν
544 411 569 459 ὅ
587 435 630 459 τι
650 422 822 460 θᾶσσον
849 422 1135 475 παραγίνεται
1154 416 1314 474 θνητὸν
1336 416 1425 460 ἐόν·

65 481 179 527 οὕτω
211 492 328 526 τοῖσι
358 488 551 541 Πέρσῃσι
582 484 805 541 ἐξεύρηται
835 489 975 528 τοῦτο.
1031 487 1205 541 λέγουσι
1233 485 1333 541 γάρ,
1367 482 1427 536 ιῦς

66 549 180 594 ὅσων
206 548 257 594 ἂν
281 548 470 608 ἡμερέων
496 545 521 608 ᾗ
546 549 571 608 ἡ
598 556 722 595 πᾶσα
748 549 867 604 ὁδός,
894 556 1100 596 τοσοῦτοι
1124 552 1261 595 ἵπποι
1285 569 1331 597 τε
1355 553 1424 594 καὶ

66 617 218 674 ἄνδρες
244 618 460 671 διεστᾶσι,
493 617 602 661 κατὰ
627 617 860 677 ἡμερησίην
886 617 988 663 ὁδὸν
1014 619 1193 676 ἑκάστην
1218 619 1358 670 ἵππος
1381 636 1427 662 τε

63 688 137 728 καὶ
162 683 264 743 ἀνὴρ
289 689 560 741 τεταγμένος,
593 685 693 737 τοὺς
720 684 817 729 οὕτε
841 687 1035 743 νιφετός,
1064 685 1139 729 οὐκ
1165 685 1346 743 ὄμβρος,
1376 685 1425 729 οὗ

65 757 224 807 καῦμα,
265 751 313 795 οὗ
350 752 426 806 νὺξ
459 753 572 810 ἔργει
600 753 658 810 μὴ
691 751 740 796 οὗ
778 753 1016 796 κατανύσαι
1045 753 1119 796 τὸν
1150 757 1428 809 προκείμενον

65 818 182 876 αύτῷ
215 820 376 876 δρόμον
405 820 481 877 τὴν
510 824 726 877 ταχίστην.
787 818 809 862 ὃ
847 820 923 874 μὲν
961 819 1011 871 δὴ
1043 825 1217 874 πρῶτος
1255 819 1428 876 δραμών

65 888 309 942 παραδιδοῖ
329 887 384 930 τὰ
409 887 686 942 ἐντεταλμένα
709 891 771 943 τῷ
798 888 995 943 δευτέρῳ,
1025 885 1048 930 ὁ
1077 888 1122 929 δὲ
1148 887 1345 942 δεύτερος
1368 891 1429 942 τῷ

66 958 219 1010 τρίτῳ·
255 954 306 997 τὸ
334 955 380 997 δὲ
405 954 602 997 ἐνθεῦτεν
628 953 707 1011 ἤδη
733 953 820 996 κατ’
839 951 966 996 ἄλλον
998 955 1257 1010 διεξέρχεται
1287 970 1431 1010 παρα-

67 1021 291 1075 διδόμενα,
336 1022 530 1079 κατάπερ
563 1019 735 1077 ϋΕλλησι
778 1019 802 1077 ἡ
847 1021 1208 1077 λαμπαδηφορίη,
1253 1020 1327 1077 τὴν
1369 1025 1430 1077 τῷ

61 1087 283 1145 Ἡφαίστῳ
317 1088 601 1132 ἐπιτελέουσι.
661 1092 790 1131 τοῦτο
828 1087 876 1131 τὸ
916 1088 1120 1144 δράμημα
1155 1092 1240 1131 τῶν
1277 1088 1429 1131 ἵππων

65 1158 267 1199 καλέουσι
293 1159 458 1211 Πέρσαι
490 1154 736 1212 ἀγγαρήιον.
791 1154 815 1210 ἦ
847 1156 923 1209 μὲν
956 1154 1005 1212 δὴ
1039 1156 1190 1212 πρώτη
1218 1155 1260 1207 ές
1284 1160 1431 1199 Σοῦσα

67 1221 239 1279 ἀγγελίη
267 1221 518 1280 ἀπικομένη,
548 1222 606 1274 ὥς
632 1223 721 1276 ἔχοι
736 1221 920 1279 Ἀθήνας
938 1225 1108 1279 Ξέρξης,
1138 1223 1293 1280 ἔτερψε
1318 1220 1429 1267 οὕτω

69 1291 120 1347 δή
147 1308 189 1335 τι
206 1294 406 1345 Περσέων
425 1289 528 1342 τοὺς
546 1289 910 1347 ὑπολειφθέντας,
940 1289 998 1341 ὥς
1016 1291 1095 1341 τάς
1113 1307 1159 1334 τε
1180 1288 1307 1343 ὁδοὺς
1324 1308 1432 1347 μυρ-

67 1362 212 1415 σίνῃσι
231 1358 379 1408 πάσας
393 1357 624 1415 ἐστόρεσαν
642 1360 711 1400 καὶ
729 1357 1202 1414 ἕθιχιιίευνθυμιήματα
1222 1360 1291 1400 καὶ
1308 1356 1433 1401 αὐτοὶ

69 1420 179 1482 ἦσαν
211 1425 253 1468 ἒν
283 1428 470 1482 θυσίῃσί
497 1443 543 1468 τε
573 1428 645 1468 καὶ
676 1423 962 1482 εὐπαθείῃσι·
998 1423 1023 1482 ἡ
1062 1426 1108 1467 δὲ
1145 1425 1318 1481 δευτέρη
1351 1441 1432 1481 σφι

69 1491 241 1549 ἀγγελίη
274 1492 575 1544 ἐπεξελθοῦσα
606 1496 773 1546 συνέχεε
805 1490 936 1545 οὕτω,
972 1489 1084 1536 ὥστε
1114 1491 1214 1543 τοὺς
1238 1497 1431 1544 κιθῶνας

69 1560 380 1617 κατερρήξαντο
400 1560 571 1612 πάντες,
593 1565 674 1617 βοῇ
694 1577 741 1603 τε
760 1562 832 1602 καὶ
853 1560 1017 1617 οἰμωγῇ
1033 1559 1225 1617 ἐχρέοντο
1242 1558 1429 1616 ἀπλέτῳ,

70 1628 314 1685 Μαρδόνιον
341 1627 382 1669 έν
409 1627 524 1684 αἰτίῃ
549 1627 757 1678 τιθέντες.
797 1625 871 1670 οὐκ
897 1625 1009 1670 οὕτω
1038 1628 1083 1670 δὲ
1102 1629 1202 1682 περὶ
1225 1632 1308 1669 τῶν
1327 1632 1432 1670 νεῶν

70 1694 312 1749 ἀχθόμενοι
336 1699 473 1737 ταῦτα
494 1694 535 1737 οἱ
553 1694 719 1751 Πέρσαι
740 1695 924 1747 ἐποίευν,
955 1694 1013 1746 ιῦς
1033 1697 1134 1752 περὶ
1161 1693 1278 1751 αὐτῷ
1298 1696 1431 1751 Ξέρξῃ

72 1764 377 1816 δειμαίνοντες.

157 1831 244 1872 Καὶ
280 1831 382 1886 περὶ
412 1832 582 1885 Πέρσας
616 1830 692 1883 μὲν
727 1823 776 1886 ἧν
812 1834 947 1872 ταῦτα
983 1828 1057 1872 τὸν
1094 1829 1238 1872 πάντα
1273 1827 1432 1882 μεταξὺ

70 1898 222 1953 χρόνον
252 1898 487 1952 γενόμενον,
526 1899 650 1952 μέχρι
682 1890 730 1939 οὗ
757 1898 916 1954 Ξέρξης
948 1894 1079 1947 αὐτός
1110 1912 1247 1953 σφεας
1279 1894 1435 1938 ἀπικό-

72 1981 199 2020 μενος
225 1963 401 2007 ἔπαυσε.
438 1964 683 2021 Μαρδόνιος
709 1964 755 2006 δὲ
780 1961 914 2020 ὁρέων
937 1964 1013 2018 μὲν
1031 1963 1191 2020 Ξέρξην
1211 1962 1435 2020 συμφορὴν

73 2033 260 2089 μεγάλην
276 2031 319 2074 ἐκ
337 2036 412 2088 τῆς
431 2034 668 2087 ναυμαχίης
681 2031 949 2085 ποιεύμενον,
971 2029 1233 2074 ὑποπτεύων
1248 2032 1293 2074 δὲ
1308 2029 1435 2073 αὐτὸν

75 2099 265 2156 δρησμὸν
289 2099 509 2153 βουλεύειν
530 2098 573 2141 ἐκ
591 2103 678 2141 τιῦν
691 2096 916 2154 Ἀθηνέων,
945 2102 1182 2156 φροντίσας
1201 2098 1312 2156 πρὸς
1332 2098 1437 2140 ἑωυ-

74 2167 148 2211 τὸν
175 2165 233 2217 ὥς
258 2166 391 2210 δώσει
411 2167 528 2222 δίκην
549 2164 799 2222 ἀναγνώσας
817 2168 1001 2219 βασιλέα
1024 2167 1342 2221 στρατεύεσθαι
1365 2166 1436 2209 ἐπὶ

77 2234 152 2292 τὴν
172 2233 355 2278 Ἑλλάδα
386 2238 459 2276 καί
490 2234 531 2276 οἱ
561 2237 740 2291 κρέσσον
766 2234 831 2290 εἴη
859 2232 1208 2277 ἀνακινδυνεῦσαι
1233 2232 1259 2290 ἢ
1290 2250 1439 2290 κατερ-

75 2302 307 2359 γάσασθαι
331 2301 406 2357 τὴν
422 2299 604 2344 Ἐλλάδα
630 2299 656 2357 ἢ
676 2300 806 2344 αὐτὸν
824 2303 965 2352 καλῶς
982 2303 1234 2358 τελευτῆσαι
1254 2300 1327 2344 τὸν
1347 2305 1440 2354 βίον

79 2367 189 2426 ὑπὲρ
209 2369 404 2424 μεγάλων
418 2368 712 2424 αἰωρηθέντα·
738 2371 870 2412 πλέον
888 2372 1035 2422 μέντοι
1050 2368 1177 2425 ἔφερέ
1191 2369 1232 2410 οἱ
1250 2366 1275 2423 ἡ
1295 2368 1438 2423 γνώμη

82 2436 440 2491 κατεργάσασθαι
457 2433 742 2491 τὴνἙλλάδα·
769 2436 1050 2491 λογισάμενος
1072 2430 1130 2477 ὦν
1148 2439 1285 2478 ταῦτα
1304 2451 1441 2492 προσ-

84 2508 211 2561 έφερε
235 2502 308 2545 τὸν
334 2503 459 2558 λόγον
483 2503 607 2545 τόνδε
633 2501 878 2554 αδέσποτα,
911 2503 1018 2558 μήτε
1042 2504 1176 2544 λυπέο
1202 2502 1308 2558 μήτε
1335 2517 1441 2556 συμ-

87 2570 226 2628 φορὴν
239 2571 451 2627 μηδεμίαν
463 2570 649 2626 μεγάλην
663 2570 791 2613 ποιέο
811 2570 937 2612 τοῦδε
955 2574 1030 2612 τοῦ
1045 2569 1268 2625 γεγονότος
1289 2569 1441 2611 εἵνεκεν

87 2640 351 2696 πρήγματος.
391 2635 438 2681 οὗ
459 2636 538 2694 γὰρ
560 2637 696 2689 ξύλων
717 2635 830 2693 ἇγιὺν
852 2634 872 2679 ὃ
893 2636 941 2679 τὸ
957 2641 1044 2680 πᾶν
1059 2640 1202 2693 φέρων
1217 2635 1308 2679 ἐστὶ
1327 2634 1438 2692 ἦμῖν,

89 2704 176 2748 ἀλλ’
194 2705 359 2761 ἀνδρῶν
383 2721 430 2748 τε
458 2706 530 2747 καὶ
560 2704 724 2747 ἵππων.
775 2706 845 2747 σοὶ
878 2705 923 2746 δὲ
954 2702 1050 2747 οὔτε
1075 2721 1140 2755 τις
1170 2704 1334 2746 τούτων
1358 2708 1443 2746 τῶν

89 2775 137 2815 τὸ
163 2778 250 2816 πᾶν
276 2789 357 2829 σφι
381 2771 460 2829 ἤδη
488 2772 720 2815 δοκεόντων
740 2772 1035 2827 κατεργάσθαι
1056 2770 1228 2825 ἀποβὰς
1249 2769 1337 2813 ἀπὸ
1358 2775 1442 2813 τιῦν

158 2840 288 2866 Herodoti
304 2841 351 2867 vol.
367 2840 404 2866 11.
1155 2839 1197 2873 15

1449 363 1482 388 98

1455 1101 1487 1126 99

1462 1841 1509 1866 100
