1747 3293
482 250 796 285 ΗΡΟΔΟΤΟΥ
826 251 872 285 Η.
901 252 1090 287 103-106.
1383 244 1464 286 141

977 318 997 333 Ἀ
1041 317 1064 333 (l

107 319 180 360 καὶ
210 315 507 370 ἀνισωθέντας
537 319 704 375 πλήθεϊ
730 321 933 373 χαλεπῶς
970 338 1020 363 αν
1051 321 1244 377 Ελληνας
1273 320 1466 378 Πέρσῃσι

105 385 308 439 μούνοισι
342 387 579 439 μάχεσθαι.
641 383 750 429 ἀλλὰ
781 385 882 444 παρ’
907 385 1007 444 ἡμῖν
1043 388 1172 431 τοῦτό
1211 387 1303 432 ἐστι
1331 387 1380 431 τὸ
1413 388 1463 432 σὺ

105 454 260 508 λέγεις,
289 452 381 496 ἔστι
404 465 450 509 γε
475 457 622 508 μέντοι
648 451 695 496 οὗ
721 453 884 498 πολλὸν
909 453 1018 497 ἀλλὰ
1044 455 1247 498 σπάνιον·
1273 455 1358 499 εἰσὶ
1382 456 1463 512 γὰρ

105 518 306 576 Περσέων
330 524 415 563 τιῦν
447 520 559 575 ἐμεῦν
592 520 872 579 αἰχμοφόρων
905 525 947 565 οἳ
977 522 1239 579 ἐθελήσουσι
1259 521 1463 580 Ἑλλήνων

106 584 289 642 ἀνδράσι
314 589 428 642 τρισὶ
449 585 557 642 ὁμοῦ
576 588 819 642 μάχεσθαι·
844 593 928 632 τῶν
948 588 998 632 σὺ
1021 589 1101 632 ἐὼν
1121 589 1302 645 ἄπειρος
1320 590 1464 634 πολλὰ

105 653 372 711 φλυηρέεις.”
429 654 540 712 πρὸς
575 660 711 698 ταῦτα
741 656 997 712 Δημάρητος
1027 658 1140 712 λέγει
1170 651 1238 699 “c5
1267 660 1458 712 βασιλεῦ,

105 720 294 778 ἀρχῆθεν
325 719 574 778 ἠπιστάμην
606 719 674 765 ὅτι
706 721 890 779 ἀληθείῃ
919 724 1149 780 χρεόμενος
1179 722 1228 766 οὗ
1262 727 1370 781 φίλα
1394 743 1462 769 τοι

105 787 224 843 ἐρέω.
264 788 316 831 σὺ
344 790 389 832 6&
415 788 511 832 ἐπεὶ
535 787 778 844 ἠνάγκασας
801 791 936 845 λέγειν
961 794 1046 832 τῶν
1071 791 1208 846 λόγων
1232 791 1334 842 τοὺς
1359 791 1462 848 ἀλη-

103 855 359 908 θεστάτους,
388 855 529 911 ἔλεγον
553 854 607 898 τὰ
631 857 865 912 κατήκοντα
884 857 1196 913 Σπαρτιήτῃσι.
1234 862 1377 901 καίτοι
1402 858 1461 910 ὦς

103 921 187 977 ἐγὼ
212 923 403 978 τυγχάνω
428 922 482 965 τὰ
506 927 578 966 νῦν
602 923 706 965 τάδε
738 922 951 979 ἐστοργὼς
982 923 1182 975 ἐκείνους,
1217 923 1347 975 αὐτὸς
1377 926 1462 979 μά-

102 991 230 1032 λιστα
261 989 524 1042 ἐξεπίστεαι,
565 990 612 1033 οἵ
637 1007 690 1044 με
721 990 846 1046 τιμήν
877 1007 923 1033 τε
953 992 1023 1032 καὶ
1047 994 1172 1046 γέρεα
1198 989 1461 1046 ἀπελόμενοι

101 1057 307 1112 πατρώια
333 1054 490 1100 ἄπολίν
514 1073 561 1099 τε
585 1059 655 1100 καὶ
683 1057 857 1114 φυγάδα
881 1057 1167 1114 πεποιήκασι,
1195 1058 1338 1116 πατὴρ
1366 1061 1412 1102 δὲ
1437 1058 1459 1102 ὅ

102 1123 179 1175 σὸς
204 1122 525 1178 ὑποδεξάμενος
548 1128 643 1179 βίον
667 1127 714 1167 τέ
737 1141 814 1178 μοι
838 1126 909 1167 καὶ
936 1122 1050 1168 οἷκον
1077 1125 1247 1169 δέδωκε.
1299 1125 1376 1169 οὐκ
1402 1121 1460 1170 ὦν

101 1191 220 1243 οἶκός
246 1191 337 1235 ἐστι
363 1189 498 1248 ἄνδρα
528 1190 601 1235 τὸν
633 1192 840 1248 σώφρονα
870 1189 1037 1235 εἰτ’νοιαν
1065 1197 1324 1250 φαινομένην
1358 1195 1460 1237 διω-

101 1262 315 1311 θέεσθαι,
344 1257 452 1302 ἀλλὰ
478 1262 667 1315 στέργειν
692 1259 894 1313 μάλιστα.
957 1259 1037 1315 ἐγὼ
1065 1261 1111 1302 6&
1137 1259 1235 1303 οὔτε
1261 1261 1363 1304 δέκα
1389 1260 1461 1305 ἀν-

103 1326 233 1384 δράσι
268 1324 512 1381 ὑπίσχομαι
550 1325 642 1377 οἶός
677 1343 723 1369 τε
761 1324 870 1369 εἶναι
905 1327 1129 1380 μάχεσθαι
1167 1325 1263 1371 οὔτε
1301 1329 1456 1381 δυοῖσι,

101 1393 209 1435 ἑκών
232 1410 279 1436 τε
305 1391 414 1436 εἶναι
440 1390 533 1436 οὐδ’
551 1391 601 1435 ἒέν
625 1397 976 1447 μουνομαχέοιμι.
1027 1394 1065 1436 εἰ
1092 1395 1137 1437 δὲ
1163 1392 1367 1452 ἀναγκαίη
1395 1397 1458 1452 εἰἠ

100 1458 129 1516 ἢ
164 1460 297 1516 μέγας
331 1478 397 1512 τις
434 1459 456 1503 ὃ
496 1460 740 1515 ἐποτρύνων
777 1459 909 1516 ἀγών,
947 1466 1161 1518 μαχοίμην
1199 1460 1249 1505 ἂν
1285 1463 1459 1506 πάντων

103 1521 260 1581 ἥδιστα
284 1527 344 1571 ἑνὶ
369 1528 532 1571 τούτων
556 1532 641 1570 τῶν
668 1526 832 1585 ἀνδρῶν
858 1531 901 1571 οἳ
920 1526 1123 1586 Ἑλλήνιον
1149 1529 1326 1582 ἕκαστός
1351 1547 1460 1588 φησι

101 1599 232 1652 τριῶν
265 1592 385 1648 ἄξιος
417 1593 539 1638 εἶναι.
604 1594 664 1646 ὣς
695 1596 739 1637 6&
770 1598 841 1638 καὶ
870 1596 1211 1650 Λακεδαιμόνιοι
1246 1597 1355 1640 κατὰ
1385 1599 1461 1652 μὲν

69 1662 73 1664 ’
103 1662 176 1705 ἕνα
206 1663 442 1717 μαχόμενοι
474 1660 674 1716 οὐδαμῶν
707 1662 791 1705 εἶσὶ
821 1667 1010 1714 κακίονες
1047 1661 1223 1720 ἀνδρῶν,
1264 1662 1383 1716 ἁλέες
1415 1666 1461 1708 δὲ

103 1728 276 1786 ἄριστοι
296 1727 461 1787 ἀνδρῶν
481 1727 700 1773 ἁπάντων.
739 1729 964 1787 ἐλεύθεροι
982 1729 1062 1786 γὰρ
1084 1730 1225 1781 ἐόντες
1247 1729 1295 1774 οὗ
1316 1733 1460 1775 πάντα

103 1797 330 1855 ἐλεύθεροί
354 1797 458 1840 εἰσι·
485 1796 635 1840 ἔπεστι
653 1797 734 1853 γάρ
756 1813 836 1854 σφι
857 1797 1071 1852 δεσπότης
1088 1798 1230 1852 νόμος,
1258 1798 1331 1842 τὸν
1351 1798 1460 1842 ὑπο-

103 1867 374 1920 δειμαίνουσι
399 1865 548 1920 πολλῷ
575 1863 637 1906 ἔτι
662 1865 823 1917 μᾶλλον
849 1862 874 1919 ἢ
901 1865 942 1906 οἱ
967 1866 1037 1907 σοὶ
1063 1868 1122 1907 σε’.
1172 1870 1349 1909 ποιεῦσι
1373 1871 1459 1921 γιῦν

100 1931 156 1976 τὰ
182 1929 232 1975 ἂν
257 1931 415 1982 ἐκεῖνος
440 1929 601 1987 ἀνώγῃ·
629 1929 785 1986 ἀνώγει
806 1932 851 1973 δὲ
870 1930 1008 1974 τώυτὸ
1031 1931 1127 1984 αιέί,
1157 1930 1232 1975 οὐκ
1252 1933 1332 1975 ἐιῦν
1353 1935 1458 1990 φεύ-

101 2017 188 2056 γειν
216 1997 338 2042 οὐδὲν
363 2000 538 2054 πλῆθος
564 1997 813 2055 ἀνθρώπων
846 1997 889 2040 ἐκ
919 2000 1074 2055 μάχης,
1115 1997 1223 2042 ἀλλὰ
1253 2000 1458 2053 μένοντας

102 2067 145 2110 ἐν
169 2069 219 2124 τῇ
245 2067 343 2119 τάξι
368 2065 635 2122 ἐπικρατέειν
660 2064 686 2121 ἢ
713 2064 1008 2108 ἀπόλλυσθαι.
1070 2068 1140 2109 σοὶ
1172 2068 1217 2109 6&
1243 2068 1281 2110 εἰ
1307 2073 1460 2124 φαίνο-

100 2151 181 2189 μαι
199 2138 335 2177 ταῦτα
354 2132 486 2189 λέγων
506 2132 744 2190 φλυηρέειν,
772 2127 906 2175 τάλλα
922 2137 1044 2188 σιγᾶν
1059 2133 1198 2176 ἐθέλω
1220 2134 1268 2177 τὸ
1285 2136 1458 2178 λοιπόν·

101 2206 173 2245 νῦν
199 2202 245 2244 δὲ
271 2199 561 2256 ἀναγκασθεὶς
587 2200 719 2251 ἔλεξα.
757 2199 922 2255 γένοιτο
948 2204 1095 2253 μέντοι
1119 2201 1226 2244 κατὰ
1252 2201 1349 2245 νόον
1376 2218 1455 2253 τοι,

262 2265 319 2281 ...n

101 2270 293 2324 βασιλευ.

184 2334 220 2379 ‘0
249 2336 325 2390 μὲν
357 2334 407 2391 δὴ
439 2339 576 2377 ταῦτα
601 2332 841 2389 ἀμείψατο,
881 2337 1039 2391 Ξέρξης
1071 2336 1117 2378 δὲ
1150 2335 1191 2386 ἐς
1221 2335 1387 2391 γέλωτά
1413 2354 1458 2379 τε

104 2402 260 2459 ἔτρεψε
295 2403 366 2444 καὶ
403 2400 478 2444 οὐκ
515 2401 752 2457 ἐποιήσατο
791 2400 916 2458 ὀργὴν
954 2401 1167 2455 οὐδεμίαν,
1207 2401 1296 2445 ἀλλ’
1318 2401 1459 2460 ἠπίως

105 2468 234 2512 αὐτὸν
261 2466 571 2523 ἀπεπέμψατο.
631 2468 769 2523 τούτῳ
798 2469 843 2510 6&
869 2468 910 2519 ἐς
935 2470 1088 2524 λόγους
1119 2469 1261 2513 ἐλθὼν
1286 2472 1444 2526 Ξέρξης

105 2538 178 2578 καὶ
196 2532 388 2591 ὕπαρχον
409 2534 450 2577 ἐν
469 2539 529 2591 τῷ
550 2538 747 2591 Δορίσκῳ
767 2536 906 2591 τούτῳ
928 2537 1200 2593 καταστήσας
1221 2538 1457 2593 Μασκάμην

105 2602 179 2646 τὸν
209 2602 514 2658 Μεγαδόστεω,
553 2601 626 2645 τὸν
658 2603 702 2644 6&
740 2600 825 2644 ὕπὸ
859 2608 1041 2659 Δαρείου
1080 2603 1298 2647 σταθέντα
1328 2621 1458 2647 κατα-

105 2670 298 2721 παύσας,
333 2669 531 2725 ἐξήλαυνε
560 2668 634 2712 τὸν
659 2668 841 2723 στρατὸν
867 2669 939 2712 διὰ
970 2674 1044 2726 τῆς
1071 2676 1248 2728 Θρηίκης
1280 2670 1354 2714 ἐπὶ
1382 2671 1456 2727 τὴν

1488 672 1537 696 104

1484 2350 1531 2376 103

100 2735 294 2780 Ἑλλάδα.
333 2739 534 2780 κατέλιπε
556 2737 600 2779 6&
621 2733 754 2791 ἄνδρα
772 2737 940 2779 τοιόνδε
961 2738 1198 2794 Μασκάμην
1216 2739 1451 2794 γενόμενον,
1481 2752 1529 2778 106
