1747 3293
474 289 787 324 ΗΡΟΔΟΤΟΥ
819 288 847 322 Ι.
875 288 1018 323 77-80.
1344 278 1426 320 277

69 361 325 401 Μαντινεῦσι
353 356 579 415 συμφορὴν
599 356 891 414 ποιησάμενοι
912 354 1266 400 ἀπαλλάσσοντο·
1294 354 1429 400 ἀπελ-

65 425 222 476 θόντες
254 425 301 468 δὲ
330 426 403 467 καὶ
435 419 557 468 οὗτοι
587 425 689 476 τοὺς
719 424 934 482 ἡγεμόνας
971 424 1166 477 ἐδίωξαν.
1232 423 1287 468 τὰ
1317 424 1427 468 κατὰ

63 495 302 543 Μαντινέας
324 492 401 546 μὲν
426 494 497 535 καὶ
518 491 707 544 Ἠλείους
731 497 943 546 τοσαῦτα,
972 491 1013 536 ἓν
1040 493 1086 535 δὲ
1111 494 1359 549 Πλαταιῇσι
1385 492 1427 536 ἐν

64 564 126 616 τῷ
159 560 442 616 στρατοπέδῳ
473 564 559 603 τιῦν
587 560 853 617 Αἰγινητέων
882 553 932 617 ἧν
961 560 1163 615 Λάμπων
1195 558 1216 603 ὃ
1249 559 1426 613 Πυθέω,

63 627 327 683 Αἰγινητέων
351 626 406 669 τὰ
432 632 604 685 πρῶτα,
640 628 687 679 ὃς
714 627 1011 672 ἀνοσιώτατον
1043 627 1147 681 ἔχων
1179 628 1305 684 λόγον
1336 628 1427 672 ἵετο

64 693 176 751 πρὸς
200 698 460 751 Παυσανίην,
494 693 758 750 ἀπικόμενος
784 696 830 738 δὲ
855 696 1026 752 σπουδῇ
1060 695 1174 751 ἔλεγε
1203 696 1328 738 τάδε·
1360 689 1427 738 “ιῧ

63 770 151 804 παῖ
172 763 490 818 Κλεομβρότου,
519 762 638 818 ἔργον
666 762 871 819 ἔργασταί
893 780 964 807 τοι
988 761 1207 820 ὑπερφυὲς
1230 762 1430 819 μέγαθός

63 845 110 871 τε
145 830 218 871 καὶ
253 830 427 882 κάλλος,
467 834 539 872 καί
573 847 644 873 τοι
679 829 788 881 θεὸς
823 830 1050 886 παρέδωκε
1081 830 1319 888 ῥυσάμενον
1355 830 1428 887 τήν

59 894 240 939 Ἑλλάδα
270 899 390 948 κλέος
420 902 702 941 καταθέσθαι
731 901 932 954 μέγιστον
952 895 1159 953 Ἑλλήνιον
1188 901 1274 940 τῶν
1306 896 1429 954 ἡμεῖς

63 963 198 1017 ἰ’δμεν.
260 963 311 1007 σὺ
351 965 396 1007 δὲ
427 966 498 1007 καὶ
528 963 583 1007 τὰ
621 964 757 1008 λοιπὰ
793 963 847 1007 τὰ
885 964 959 1007 ἐπὶ
994 964 1190 1007 τούτοισι
1227 968 1426 1021 ποίησον,

65 1028 174 1082 ὅκως
198 1031 325 1087 λόγος
349 1034 397 1074 τέ
422 1048 470 1075 σε
496 1031 565 1088 ἔχῃ
592 1031 655 1075 ἔτι
685 1033 823 1086 μέζων
854 1035 927 1074 καί
955 1049 1022 1082 τις
1048 1028 1227 1086 ὕστερον
1259 1032 1429 1089 φυλάσ-

64 1114 192 1155 σηται
215 1102 302 1141 τῶν
324 1099 556 1157 βαρβάρων
580 1098 638 1156 μὴ
658 1097 867 1160 ὑπάρχειν
888 1099 990 1155 ἔργα
1010 1096 1246 1142 ἀτάσθαλα
1266 1102 1428 1143 ποιέων

64 1166 107 1217 ἐς
130 1164 232 1217 τοὺς
246 1163 462 1223 Ἕλληνας.
499 1168 728 1210 Λεωνίδεω
753 1166 835 1224 γὰρ
863 1164 1171 1219 ἀποθανόντος
1198 1166 1238 1210 ἒν
1266 1173 1428 1224 Θερμο-

62 1234 226 1291 πύλῃσι
250 1234 499 1290 Μαρδόνιός
523 1252 569 1277 τε
594 1236 665 1277 καὶ
684 1236 842 1291 Ξέρξης
871 1232 1170 1289 ἀποταμόντες
1194 1233 1268 1291 τὴν
1293 1251 1428 1291 κεφα-

62 1300 137 1359 λὴν
163 1299 507 1357 ἀνεσταύρωσαν.
544 1307 605 1358 τῷ
633 1301 683 1345 σὺ
709 1300 783 1358 τὴν
810 1300 961 1358 ὁμοίην
982 1301 1224 1354 ἀποδιδοὺς
1250 1302 1428 1346 ἔπαινον

64 1368 173 1421 ἕξεις
197 1373 353 1426 πρῶτα
377 1370 453 1424 μὲν
479 1368 566 1413 ὑπὸ
592 1370 767 1413 πάντων
786 1370 1108 1426 Σπαρτιητέων,
1139 1364 1259 1421 αὖτις
1286 1371 1331 1413 δὲ
1357 1373 1427 1413 καὶ

62 1435 174 1494 πρὸς
193 1441 279 1479 τῶν
299 1435 439 1480 ἄλλων
449 1435 669 1494 Ἑλλήνων.
706 1438 953 1494 Μαρδόνιον
973 1437 1053 1495 γὰρ
1075 1436 1427 1489 ἀνασκολοπίσας

61 1504 378 1561 τετιμωρήσεαι
393 1504 434 1556 ἒς
453 1505 630 1562 πάτρων
650 1504 723 1548 τὸν
743 1504 818 1548 σὸν
830 1504 1090 1563 Λεωνίδηιν.”
1131 1504 1153 1548 ὃ
1172 1506 1248 1560 μὲν
1270 1505 1428 1549 δοκέων

59 1572 322 1629 χαρίζεσθαι
342 1572 456 1628 ἔλεγε
473 1573 591 1625 τάδε,
621 1570 642 1615 ὃ
665 1571 704 1615 δ’
723 1571 1004 1629 ἀνταμείβετο
1024 1575 1208 1617 τοιοίδε·
1230 1568 1298 1616 (ςῶ
1319 1575 1426 1626 ξεῖνε

61 1639 290 1697 Αἰγινῆτα,
330 1639 379 1682 τὸ
415 1641 492 1694 μὲν
524 1638 708 1683 εὐνοέειν
737 1657 783 1683 τε
815 1643 887 1684 καὶ
917 1646 1111 1699 προορᾶν
1143 1639 1307 1697 ἄγαμαί
1338 1658 1426 1694 σευ,

62 1707 233 1764 γνώμης
256 1706 404 1762 μέντοι
418 1706 671 1765 ,ἡμάρτηκας
687 1714 884 1766 χρηστῆς.
925 1709 1119 1764 ἐξαείρας
1137 1710 1217 1765 γάρ
1236 1726 1290 1763 με
1311 1707 1427 1765 ὑψοῦ

62 1776 135 1818 καὶ
172 1774 245 1831 τὴν
281 1775 449 1832 πάτρην
485 1778 557 1818 καὶ
593 1775 643 1819 τὸ
684 1776 820 1832 ἔργον,
867 1776 909 1828 ές
945 1777 993 1819 τὸ
1031 1777 1162 1833 μηδὲν
1198 1779 1429 1832 κατέβαλες

63 1846 310 1900 παραινέων
335 1847 466 1899 νεκρῷ
493 1845 796 1897 λυμαίνεσθαι,
825 1846 896 1887 καὶ
923 1842 970 1900 ἢν
994 1849 1129 1887 ταῦτα
1155 1843 1313 1895 ποιέω,
1341 1844 1429 1901 φὰς

65 1909 241 1965 ἄμεινόν
270 1927 324 1965 με
356 1908 643 1954 ἀκούσεσθαι.
703 1912 757 1955 τὰ
784 1915 944 1968 πρέπει
968 1914 1131 1966 μᾶλλον
1161 1912 1428 1969 βαρβάροισι

63 1981 232 2022 ποιέειν
250 1975 359 2036 ἤπερ
370 1976 564 2035 Ἕλλησι·
590 1981 658 2022 καὶ
682 1980 882 2023 ἔκείνοισί
902 1980 947 2022 δὲ
968 1979 1305 2037 ἐπιφθονέομεν.
1345 1979 1427 2035 ἐγώ

66 2043 107 2089 δ’
125 2040 184 2089 ὦν
208 2047 363 2089 τούτου
391 2047 546 2090 εἵνεκεν
570 2048 678 2104 μήτε
703 2047 958 2104 Αἰγινήτῃσι
990 2044 1143 2102 ἅδοιμι
1173 2047 1280 2103 μήτε
1311 2056 1429 2090 τοῖσι

64 2112 202 2157 ταύτὰ
233 2112 476 2170 ἀρέσκεται,
516 2113 689 2172 ἀποχρᾷ
722 2116 769 2157 δέ
804 2132 881 2169 μοι
910 2115 1212 2172 Σπαρτιήτῃσι
1250 2113 1430 2170 ἀρεσκό-

65 2198 190 2237 μενον
217 2179 320 2226 &aaa
343 2183 420 2237 μὲν
446 2186 626 2235 ποιέειν,
656 2180 757 2226 ὅσια
784 2184 829 2226 δὲ
855 2185 925 2226 καὶ
951 2185 1099 2239 λέγειν.
1143 2184 1339 2239 Λεωνίδῃ
1368 2184 1426 2234 δέ,

65 2254 126 2306 τῷ
151 2267 204 2304 με
229 2250 414 2301 κελεύεις
438 2255 695 2307 τιμωρῆσαι,
725 2253 836 2307 φημὶ
861 2251 1059 2306 μεγάλως
1084 2255 1426 2307 τετιμωρῆσθαι,

66 2322 235 2375 ψυχῇσί
258 2335 305 2361 τε
328 2322 429 2375 τῇσι
453 2319 586 2361 τῶνδε
614 2316 957 2374 ἀναριθμήτοισι
982 2322 1207 2374 τετίμηται
1233 2317 1364 2369 αὐτός
1385 2336 1430 2360 τε

67 2387 138 2428 καὶ
165 2385 206 2428 οἱ
231 2383 355 2428 ἄλλοι
377 2385 418 2428 οἱ
444 2385 485 2428 ἐν
508 2387 813 2442 Θερμοπύλῃσι
834 2386 1174 2441 τελευτήσαντες.
1213 2384 1263 2428 σὺ
1282 2389 1431 2439 μέντοι

70 2452 132 2497 ἔτι
159 2453 263 2507 ἔχων
288 2454 414 2508 λόγον
438 2454 607 2496 τοιόνδε
626 2453 731 2510 μήτε
753 2452 1005 2510 προσέλθῃς
1028 2453 1175 2509 ἔμοιγε
1194 2453 1301 2509 μήτε
1324 2469 1431 2507 συμ-

68 2521 317 2577 βουλεύσῃς,
342 2521 467 2576 χάριν
492 2537 537 2563 τε
564 2521 664 2563 ἰ’σθι
691 2519 770 2563 {dm
798 2519 1018 2576 ἀπαθής.”

152 2587 188 2633 ‘0
223 2590 299 2643 μὲν
334 2593 470 2632 ταῦτα
507 2586 696 2639 ἀκούσας
729 2586 1054 2641 ἀπαλλάσσετο,
1099 2592 1347 2645 Παυσανίης
1385 2589 1428 2632 δὲ

71 2657 263 2714 κήρυγμα
288 2657 583 2712 ποιησάμενος
607 2657 766 2712 μηδένα
795 2652 1021 2699 ἅπτεσθαι
1053 2660 1126 2712 τῆς
1157 2658 1296 2712 ληΐης,
1331 2673 1431 2712 συγ-

71 2725 259 2780 κομίζειν
286 2724 447 2768 ἒκέλευε
473 2723 575 2775 τοὺς
603 2724 783 2775 εἵλωτας
807 2722 861 2766 τὰ
883 2724 1094 2781 χρήματα.
1137 2724 1178 2766 οἱ
1204 2724 1250 2766 δὲ
1276 2721 1355 2767 ἀνὰ
1380 2723 1430 2767 τὸ

74 2793 368 2850 στρατόπεδον
412 2792 684 2848 σκιδνάμενοι
733 2788 928 2848 εἱῗρισκον
979 2790 1132 2848 σκηνὰς
1174 2809 1430 2836 κατεσκευα-

1452 438 1485 464 78

1451 1586 1484 1612 79

1455 2602 1489 2628 80
