1747 3293
265 217 349 259 200
671 221 986 257 ΗΡΟΔΟΤΟΥ
1018 220 1062 254 Θ.
1089 220 1235 254 23-26.

260 293 486 350 Ἐλλοπίης
510 294 682 348 μοίρης,
716 294 792 346 γῆς
818 289 864 332 δὲ
889 292 964 344 τῆς
984 286 1284 344 Ἱστιαιήτιδος
1314 288 1391 339 τὰς
1423 292 1637 344 παραθα-

210 376 241 400 24
267 364 450 410 λασσίας
468 359 617 413 κώμας
637 357 786 408 πάσας
801 355 1058 413 ἐπέδραμον.
1091 355 1282 398 ἐνθαῦτα
1303 356 1348 398 δὲ
1365 356 1528 398 τούτων
1544 355 1637 400 ἐόν-

268 445 352 470 των
377 428 511 483 Ξέρξη
516 443 536 477 ς
562 424 904 479 ἕτοιιιασάιιενος
928 422 982 466 τὰ
1007 424 1109 478 περὶ
1134 439 1234 474 τους
1259 421 1431 479 νεκροὺς
1464 422 1638 477 έπεμπε

268 496 310 545 ἐς
334 493 407 537 τὸν
432 490 630 537 ναυτικὸν
656 490 840 547 στρατὸν
859 491 1040 548 κήρυκα·
1037 490 1422 571 προετοιμάσατο
1444 491 1489 533 δὲ
1508 489 1638 532 τάδε·

269 559 366 605 ὅσοι
396 564 473 603 τοῦ
506 563 692 617 στρατοῦ
723 562 800 601 τοῦ
832 558 995 601 ἑωυτοῦ
1028 552 1136 615 ἦσαν
1167 559 1307 612 νεκροὶ
1341 556 1382 600 ἐν
1410 557 1638 614 Θερμοπύ-

268 632 366 686 λῃσι
392 622 516 685 (ἦσαν
550 628 596 670 δὲ
626 628 698 669 καὶ
729 626 807 669 δύο
832 626 1077 682 μιριάδες),
1115 622 1442 679 ὑπολιπόμενος
1472 624 1642 668 τούτων

272 696 329 748 ὡς
364 698 547 750 χιλίους,
586 693 688 746 τοὺς
724 693 909 745 λοιποὺς
946 693 1142 750 τάφρους
1174 691 1436 747 ὀρυξάμενος
1474 691 1637 748 ἔθαψε,

270 765 471 822 φυλλάδα
507 780 554 807 τε
592 760 814 818 ἐπιβαλὼν
850 763 922 804 καὶ
956 765 1031 817 γῆν
1077 760 1428 816 ἐπαμησάμενος,
1472 759 1543 803 ἵνα
1579 757 1637 815 μὴ

273 831 521 890 ὀφθείησαν
551 828 640 874 ὑπὸ
672 834 749 873 τοῦ
781 833 984 873 ναυτικοῦ
1018 833 1216 884 στρατοῦ.
1278 826 1337 879 ὡς
1370 829 1416 871 δὲ
1448 828 1567 883 διέβη
1596 826 1640 878 ἐς

271 901 345 959 την
366 898 571 944 Ἱστίαιαν
597 896 619 941 5
646 899 787 956 κῆρυξ,
817 897 1022 953 σύλλογον
1048 896 1346 953 ποιησάμενος
1370 894 1535 946 παντὸς
1559 898 1637 937 τοῦ

272 968 568 1024 στρατοπέδου
608 966 722 1022 ἔλεγε
757 965 883 1023 τάδε·
927 960 1113 1022 ((ἄνδρες
1151 963 1388 1018 σύμμαχοι,
1434 961 1640 1018 βασιλεὺς

273 1036 431 1092 Ξέρξης
466 1040 527 1092 τῷ
562 1033 811 1090 βουλομένῳ
844 1029 984 1087 ὑμέων
1021 1032 1266 1089 παραδιδοῖ
1301 1030 1534 1074 ἐκλιπόντα
1565 1029 1639 1087 τὴν

273 1105 393 1156 τάξιν
418 1105 490 1146 καὶ
516 1103 703 1146 ἐλθόντα
727 1101 1012 1158 θηήσασθαι,
1047 1097 1158 1150 ὅκως
1187 1099 1373 1153 μάχεται
1402 1096 1516 1156 πρὸς
1538 1097 1641 1148 τοὺς

274 1170 478 1228 ἀνοήτους
504 1175 589 1213 τιῦν
615 1168 879 1226 ἀνθρώπιον,
909 1171 951 1211 οἳ
975 1165 1165 1224 ἤλπισαν
1189 1165 1264 1223 τὴν
1283 1166 1487 1221 βασιλέος
1514 1165 1643 1208 δύνα-

216 1253 247 1277 25
272 1257 344 1294 μιν
369 1235 764 1295 ὑπερβαλέεσθαι.”
798 1240 936 1279 ταῦτα
962 1234 1342 1290 ἐπαγγειλαμένου,
1369 1233 1478 1288 μετὰ
1503 1237 1642 1276 ταῦτα

274 1303 396 1348 οῦδὲν
423 1305 583 1361 ἐγίνετο
609 1306 776 1347 πλοίων
803 1303 1116 1358 σπανιώτερον.
1156 1298 1269 1343 οὕτω
1296 1302 1454 1344 πολλοὶ
1479 1299 1641 1357 ἤθελον

274 1366 553 1430 θηήσασθαι.
587 1373 989 1428 διαπεραιωθέντες
1010 1370 1055 1412 δὲ
1070 1368 1277 1424 ἐθηεῦντο
1293 1368 1524 1421 διεξιόντες
1541 1367 1644 1419 τοὺς

278 1441 470 1499 νεκρούς·
498 1440 658 1491 πάντες
685 1439 730 1482 δὲ
755 1436 995 1496 ἠπιστέατο
1021 1436 1122 1488 τοὺς
1147 1440 1367 1491 κειμένους
1393 1434 1504 1480 εἶναι
1529 1436 1642 1479 πάν-

277 1527 349 1560 τας
385 1509 760 1562 Λακεδαιμονίους
801 1508 874 1549 καὶ
912 1504 1143 1557 Θεσπιέας,
1189 1502 1384 1560 ὁρέοντες
1427 1505 1496 1546 καὶ
1539 1502 1642 1555 τοὺς

277 1578 470 1628 είλ.ωτας
511 1593 560 1619 ου
586 1576 662 1631 μὲν
689 1572 783 1618 οὐδ’
801 1573 1013 1617 ἐλάνθανε
1032 1571 1133 1623 τοίς
1152 1571 1464 1628 διαβεβηκότας
1483 1573 1644 1628 Ξέρξης

276 1650 412 1688 ταῦτα
437 1645 605 1702 πρήξας
631 1644 732 1698 περὶ
757 1641 860 1693 τοὺς
879 1640 1050 1698 νεκροὺς
1068 1639 1169 1692 τοίς
1189 1639 1372 1683 εωυτοῦ·
1399 1643 1470 1683 καὶ
1489 1639 1570 1697 γὰρ
1591 1638 1642 1696 δὴ

277 1715 348 1756 καὶ
372 1714 540 1769 γελοῖον
564 1714 633 1769 ἠν·
659 1716 745 1754 τιῦν
769 1710 846 1765 μὲν
867 1711 1002 1763 χίλιοι
1028 1710 1256 1766 ἐφαίνοντο
1282 1710 1422 1764 νεκροὶ
1441 1711 1641 1763 κείμενοι,

279 1799 320 1824 οι
347 1783 392 1826 δὲ
417 1781 577 1831 πάντες
603 1779 750 1823 ἐκέατο
778 1776 899 1829 ἁλέες
926 1781 1305 1834 συγκεκομισμένοι
1333 1775 1375 1827 ἐς
1399 1773 1539 1819 τώυτὸ
1558 1793 1645 1829 χω-

278 1853 383 1904 ρίον,
404 1857 602 1905 τέσσερες
618 1847 824 1901 χιλιάδες.
860 1846 1019 1902 ταύτην
1037 1845 1114 1900 μὲν
1132 1843 1209 1901 τὴν
1229 1842 1385 1901 ἡμέρην
1405 1842 1518 1901 πρὸς
1536 1847 1645 1900 θέην

280 1917 533 1972 ἐτράποντο,
565 1919 617 1972 τῇ
651 1911 904 1970 δ’ὕστεραίῃ
931 1913 973 1956 οἱ
1004 1914 1079 1967 μὲν
1111 1910 1347 1956 ἀπέπλωον
1378 1910 1421 1962 ἐς
1441 1909 1646 1954 Ἱστίαιαν

227 1999 259 2024 26
285 1984 359 2027 ἐπὶ
382 1982 460 2036 τὰς
485 1987 594 2034 νέας,
623 1975 737 2025 οἶδὲ
763 1980 878 2037 ἀμφὶ
902 1982 1061 2037 Ξέρξην
1088 1980 1129 2031 ἐς
1156 1978 1257 2023 ὁδὸν
1284 1977 1495 2036 ιῦρμέατο.
1544 1972 1646 2035 ἧκον

281 2052 328 2095 δέ
353 2068 434 2109 σφι
460 2050 698 2105 αὗτόμολοι
725 2048 875 2104 ἄνδρες
902 2046 1207 2104 ἀπ’ἒίρκαδίης
1233 2046 1371 2128 ὀλίγοι
1395 2050 1518 2098 τινές,
1544 2050 1646 2101 βίου

280 2137 326 2163 τε
348 2120 545 2175 δεόμενοι
569 2120 641 2161 καὶ
668 2117 830 2173 ἐνεργοὶ
848 2117 1104 2171 βουλόμενοι
1125 2115 1248 2159 εἶναι.
1287 2113 1461 2171 ἄγοντες
1471 2115 1528 2157 δὲ
1545 2131 1649 2157 του-

282 2205 381 2239 τοις
409 2187 451 2238 ἐς
478 2184 584 2242 όψιν
615 2204 689 2243 την
718 2186 922 2240 βασιλέος
948 2183 1245 2227 ἐπυνθάνοντο
1279 2200 1320 2225 οι
1345 2186 1511 2238 Πέρσαι
1542 2184 1646 2239 περὶ

281 2261 366 2299 τιῦν
387 2254 592 2336 Ἑλλήνιον
622 2259 666 2297 τί
696 2256 909 2297 ποιέοιεν
947 2251 1009 2303 εἷς
1042 2253 1087 2294 δέ
1117 2269 1183 2302 τις
1215 2250 1300 2309 πρὸ
1334 2251 1509 2294 πάντων
1541 2252 1589 2306 ἠν
1624 2248 1648 2292 5

285 2325 495 2381 εἷρωτέων
528 2321 686 2373 αὗτους
716 2338 866 2364 ταιτα.
917 2319 959 2362 οἱ
992 2320 1038 2362 δέ
1064 2336 1145 2376 σφι
1171 2319 1325 2374 έλεγοι,
1360 2336 1419 2369 ως
1440 2316 1650 2373 ἩΟλιμπια

286 2390 441 2449 ἄγουσι
465 2393 538 2434 καὶ
563 2393 798 2448 θεωρέοιεν
825 2386 972 2444 ἀγῶνα
996 2386 1197 2443 γυμνικὸν
1223 2388 1293 2428 καὶ
1314 2385 1510 2429 ἱππικόν.
1549 2383 1573 2429 5
1601 2385 1649 2428 δὲ

289 2461 505 2517 ἐπείρετο,
544 2456 569 2502 ὅ
598 2476 642 2502 τι
678 2457 727 2501 τὸ
761 2454 922 2499 ἄεθλον
959 2456 1023 2513 ε’ίη
1063 2471 1144 2513 σφι
1174 2458 1376 2508 κείμενον,
1415 2455 1518 2511 περὶ
1549 2451 1648 2496 ὅτευ

289 2527 590 2584 ἀγωνίζονται·
628 2526 669 2570 οἱ
701 2524 740 2569 δ’
759 2523 883 2568 εἷπον
914 2528 989 2580 τῆς
1021 2523 1166 2580 ἐλαίης
1195 2521 1269 2566 τὸν
1301 2522 1527 2576 διδόμενον
1553 2524 1651 2564 στέ-

288 2613 436 2654 φατον
487 2595 680 2638 ἐνθαῦτα
711 2593 839 2644 εἰπας
870 2592 1039 2648 γνώμην
1069 2591 1371 2647 γενναιοτάτην
1401 2592 1650 2646 Τριτανταί-

285 2681 395 2721 χμης
421 2661 443 2707 5
466 2657 723 2720 Αρταβάνου
752 2662 913 2703 δειλίαν
941 2661 1061 2716 (ὐφλε
1087 2658 1198 2716 πρὸς
1221 2660 1437 2714 βασιλέος.
1475 2660 1650 2700 πυνθα-

287 2733 464 2786 νόμενος
494 2749 573 2789 γαρ
605 2730 654 2775 τὸ
688 2727 849 2773 ἄεθλον
882 2727 950 2772 ἐὸν
983 2731 1215 2786 στέφανον,
1250 2724 1338 2769 ἀλλ’
1357 2724 1404 2769 οὗ
1434 2725 1648 2782 χρήματα,
