1747 3293
468 267 780 303 ΗΡΟΔΟΤΟΥ
808 268 851 303 Ε.
877 267 1023 302 18-20,
1403 256 1425 296 7

69 342 244 394 μαστῶν
269 354 315 380 τε
341 333 532 380 ἅπτοντο
560 336 632 380 οἷα
657 337 852 388 πλεύνως
884 335 1128 390 οἰνωμένοι,
1163 338 1234 377 καί
1257 334 1332 377 κού
1365 351 1432 386 τις

68 408 139 449 καὶ
164 407 328 463 φιλέειν
353 404 571 461 ἐπειρᾶτο.
604 402 806 462 Ἀμύντης
830 405 906 459 μὲν
927 403 977 461 δὴ
996 407 1133 447 ταῦτα
1153 401 1286 459 ὁρέων
1306 400 1430 459 ἀτρέ-
1455 413 1487 439 19

67 491 152 528 μας
188 471 291 526 εἶχε,
330 477 486 530 καίπερ
526 474 795 530 δυσφορέων,
842 471 915 515 οἷα
950 470 1295 527 ὑπερδειμαίνων
1331 470 1432 521 τοὺς

69 544 257 596 Πέρσας·
279 538 550 597 ,Ἀλέξανδρος
576 541 622 583 δὲ
648 538 670 582 ὃ
692 538 902 594 ,Ἀμύντεω
929 540 1106 596 παρεών
1130 556 1177 582 τε
1201 541 1272 582 καὶ
1298 536 1432 595 ὁρέων

68 613 224 661 ταῦτα,
253 606 328 651 ἅτε
354 612 447 659 νέος
471 625 517 650 τε
544 607 623 651 έων
648 610 720 650 καὶ
745 612 884 650 κακῶν
911 605 1112 663 ἀπαθής,
1141 604 1381 661 οὐδαμῶς)
1369 606 1433 649 έτι

69 680 259 729 κατέχειν
297 675 391 726 οἷός
426 673 466 718 τ’
490 669 556 731 ἦν,
597 672 709 718 ω’στε
742 676 788 718 δὲ
816 679 986 730 βαρέως
1017 674 1160 731 φέρων
1194 671 1291 717 εἷπε
1321 673 1433 731 πρὸς

65 742 267 800 Αμύντην
291 744 408 785 τάδε.
454 741 480 756 “
486 759 537 786 συ
563 746 651 797 μέν,
680 737 716 784 ῶ
741 743 894 796 πάτερ,
922 740 1006 785 εἶκε
1031 747 1082 799 τῇ
1109 740 1260 798 ἡλικίῃ,
1289 739 1433 785 ἀπιων

68 827 115 853 τε
141 808 381 862 ἀναπαύευ,
415 810 524 866 μηδὲ
549 810 730 865 λιπάρεε
754 814 804 866 τῇ
830 810 958 853 πόσι·
992 809 1074 865 ἐγω
1108 810 1154 852 δὲ
1178 812 1433 866 προσμένων

71 876 203 921 αὐτοῦ
233 879 334 934 τῇδε
365 878 508 920 πάντα
538 876 592 919 τὰ
619 876 827 933 ἐπιτήδεα
857 879 1033 933 παρέξω
1065 885 1181 920 τοῖσι
1213 875 1431 929 ξείνοισι.”

69 944 182 1000 πρὸς
212 950 350 987 ταῦτα
390 946 548 995 συνιεὶς
581 943 603 987 ὁ
633 943 835 1001 Ἀμύντης
872 941 941 988 ὅτι
976 945 1163 1000 νεώτερα
1200 945 1434 1001 πρήγματα

70 1013 248 1069 πρήξειν
267 1014 417 1066 μέλλοι
432 1010 713 1069 Αλέξανδρος,
736 1011 880 1068 λέγει
884 1007 936 1055 (ὦ
958 1021 1053 1063 παῖ,
1083 1011 1232 1065 σχεδὸν
1256 1013 1336 1094 γάρ
1359 1029 1432 1055 σευ

70 1078 382 1134 ἀνακαιομένου
416 1085 590 1136 συνιήιιι
620 1080 720 1131 τοὺς
752 1081 923 1136 λόγους,
965 1077 1034 1123 ότι
1067 1080 1234 1130 ἐθέλεις
1267 1079 1342 1134 ἐμὲ
1368 1080 1434 1123 έκ-

70 1151 253 1203 πέμψας
278 1147 443 1191 ποιέειν
474 1166 515 1190 τι
547 1148 773 1227 νεώτερον·
812 1147 894 1204 εγιὺ
923 1142 980 1191 ῶν
1008 1165 1080 1191 σευ
1111 1153 1232 1204 χρηίς
1216 1149 1269 1190 ω
1301 1149 1434 1204 μηδὲν

70 1219 313 1269 νεοχμῶσαι
339 1213 426 1259 κατ)
445 1213 603 1270 ἄνδρας
627 1216 825 1267 τούτους,
860 1216 930 1259 ι’να
960 1215 1017 1272 μὴ
1051 1215 1254 1272 εξεργάσῃ
1287 1214 1432 1271 ἡμέας,

21 1274 26 1286 ’
71 1281 159 1326 ἀλλ’
178 1281 322 1336 ἀνέχεο
350 1282 483 1340 ὁρέων
509 1283 562 1326 τὰ
588 1284 847 1337 ποιεύμενα·
881 1282 996 1340 ἀμφὶ
1023 1284 1068 1326 δὲ
1095 1282 1250 1339 ἀπόδῳ
1277 1288 1327 1340 τῇ
1355 1283 1433 1340 ἐμῇ

71 1354 284 1404 πείσομαί
308 1349 415 1394 τοι.”
457 1349 515 1402 ῶς
536 1352 581 1394 δὲ
602 1349 624 1394 ὃ
641 1349 843 1407 Ῐ-Ιμύντης
860 1356 1041 1408 χρηίσας
1060 1352 1223 1394 τούτων
1245 1352 1431 1404 οἰχώκεε,
1457 1366 1489 1391 20

72 1418 184 1474 λέγει
210 1416 232 1461 ὁ
254 1417 524 1474 ᾍλέξανδρος
550 1419 661 1474 πρὸς
685 1418 786 1470 τοὺς
805 1423 974 1474 Πέρσας
995 1417 1236 1474 ((γυιιαικῶν
1255 1420 1432 1470 τούτων,

73 1480 106 1527 ὦ
134 1487 283 1538 ξεῖνοι,
318 1488 454 1541 πολλή
484 1486 576 1529 ἐστι
601 1485 700 1540 ὑμῖν
727 1485 945 1538 εὐπέτεια,
979 1489 1049 1529 καὶ
1077 1487 1115 1530 εἰ
1140 1487 1309 1543 πάσῃσι
1332 1486 1437 1540 βού-

72 1555 206 1596 λεσθε
230 1558 471 1609 μίσγεσθαι
497 1557 567 1596 καὶ
587 1553 827 1610 ὁκοσῃσιῶν
848 1553 1024 1597 αὐτέων.
1061 1556 1216 1597 τούτου
1237 1555 1314 1607 μὲν
1334 1557 1436 1610 πέρι

74 1618 199 1663 αὐτοὶ
225 1618 569 1676 ἀποσημανέετε·
602 1626 673 1664 νῦν
700 1623 763 1672 δέ,
799 1621 949 1674 σχεδὸν
973 1621 1054 1677 γὰρ
1082 1619 1160 1677 ἤδη
1192 1626 1266 1678 τῆς
1292 1626 1437 1677 κοίτης

76 1686 163 1744 (ὅρη
200 1692 486 1745 προσέρχεται
524 1687 621 1742 ὑμῖν
659 1692 730 1731 καὶ
769 1691 908 1739 καλῶς
945 1690 1117 1742 ἔχοντας
1154 1687 1288 1743 ὑμέας
1325 1687 1434 1744 ὁρέω

74 1760 233 1812 μέθης,
260 1765 460 1811 γυναῖκας
485 1757 663 1807 ταύτας,
694 1757 731 1799 εἰ
758 1754 854 1809 ὑμῖν
880 1759 1006 1813 φίλον
1033 1757 1141 1807 ἐστί,
1176 1755 1311 1800 ἄπετε
1336 1757 1436 1799 λού-

77 1828 263 1875 σασθαι,
314 1825 580 1877 λουσαμένας
623 1825 668 1865 δὲ
712 1822 855 1866 ὀπίσω
907 1822 1245 1879 προσδέκεσθε.”
1309 1823 1434 1876 εἶπας

75 1895 223 1942 ταῦτα,
252 1894 501 1934 συνέπαινοι
520 1889 600 1946 γὰρ
623 1884 726 1946 ἦσαν
743 1891 784 1933 οἱ
803 1895 980 1947 Πέρσαι,
1007 1900 1208 1946 γυναῖκας
1226 1892 1302 1944 μὲν
1324 1891 1437 1943 ἐξελ-

76 1959 247 2009 θούσας
273 1956 508 2012 ἀπέπεμπε
536 1958 578 2009 ἐς
602 1957 676 2014 τὴν
700 1963 956 2014 γυναικηίην,
986 1956 1116 2009 αὐτὸς
1143 1960 1187 2001 δὲ
1209 1957 1230 2001 ὁ
1249 1957 1437 2011 Ἀλέξαν-

79 2027 212 2082 δρος
204 2026 323 2077 ίσους
347 2030 446 2083 τῇσι
470 2027 635 2081 γυναιξὶ
661 2024 854 2104 ἀριθμὸν
887 2024 1044 2082 ἄνδρας
1076 2029 1355 2082 λειογενείους
1386 2031 1435 2086 τῇ

77 2098 161 2136 τῶν
178 2098 387 2149 γυναικῶν
407 2094 563 2150 ἐσθῆτι
583 2094 795 2144 σκευάσας
809 2096 877 2136 καὶ
901 2093 1132 2149 ἐγχειρίδια
1153 2095 1226 2136 δοῖ
1222 2113 1251 2145 ς
1272 2100 1438 2176 παρῆςγε

79 2160 176 2212 έσω,
204 2162 411 2217 παράγων
439 2162 483 2204 δὲ
508 2163 688 2211 τούτους
715 2161 828 2216 ἔλεγε
853 2170 971 2205 τοῖσι
996 2166 1187 2218 Πέρσησι
1215 2163 1329 2205 τάδε.
1370 2157 1438 2203 “03

77 2232 259 2285 Πέρσαι,
300 2229 443 2271 οἴκατε
474 2229 711 2285 πανδαισίῃ
744 2229 865 2285 τελέῃ
905 2230 1154 2285 ἱστιησθαι·
1192 2231 1245 2272 τά
1281 2247 1326 2273 τε
1357 2230 1436 2285 γὰρ

78 2293 188 2338 ἄλλα
213 2293 297 2339 ὅσα
322 2297 502 2350 εἴχομεν,
529 2298 601 2338 καὶ
626 2296 737 2353 πρὸς
761 2296 815 2339 τὰ
837 2296 908 2339 οἷά
934 2314 979 2339 τε
1006 2291 1052 2352 ἧν
1079 2297 1326 2353 ἐξευρόντας
1352 2315 1438 2340 πα-

78 2362 233 2419 ρέχειν,
260 2364 404 2406 πάντα
432 2362 528 2417 ὑμῖν
554 2364 758 2419 πάρεστι,
793 2367 864 2407 καὶ
890 2364 939 2420 δὴ
966 2367 1036 2407 καὶ
1060 2365 1161 2408 τόδε
1187 2364 1235 2406 τὸ
1262 2366 1437 2408 πάντων

79 2429 291 2485 μέγιστον,
324 2431 401 2481 τάς
425 2447 470 2473 τε
496 2430 666 2474 ἑωυτῶν
690 2436 876 2488 μητέρας
901 2434 972 2474 καὶ
997 2431 1074 2482 τὰς
1101 2430 1315 2488 ἀδελφεὰς
1342 2432 1438 2475 ἑπι-

82 2497 419 2551 δαψιλευόμεθα
449 2495 567 2550 ὑμῖν,
609 2496 667 2549 ὥς
704 2499 948 2550 παντελέως
984 2500 1158 2555 μάθητε
1189 2500 1436 2552 τιμεόμενοι

81 2563 193 2619 πρὸς
217 2562 359 2619 ἡμέων
383 2568 551 2619 τῶνπέρ
579 2564 673 2608 ἐστε
700 2565 832 2617 ἄξιοι,
867 2565 978 2621 πρὸς
1010 2567 1055 2608 δὲ
1080 2569 1151 2608 καὶ
1179 2567 1352 2619 βασιλέϊ
1376 2571 1436 2623 τῷ

81 2634 308 2685 πέμψαντι
333 2629 618 2687 ἀπαγγείλητε
644 2629 703 2682 ῶς
728 2630 830 2689 ἀνὴρ
847 2629 995 2689 Ἕλλην
1015 2634 1272 2676 Μακεδόνων
1298 2631 1438 2691 ὕπαρ-

79 2714 154 2750 χος
174 2691 220 2740 εὖ
241 2695 373 2752 ὑμέας
387 2697 560 2750 ἐδέξατο
579 2701 649 2741 καὶ
663 2700 851 2756 τραπέζῃ
871 2702 941 2742 καὶ
960 2698 1118 2756 κοίτ,η.”
1152 2705 1289 2743 ταῦτα
1309 2702 1437 2752 εἴπας

81 2762 346 2821 Ἀλέξανδρος
388 2766 560 2822 παρίζει
596 2770 739 2824 Πέρσῃ
777 2765 896 2824 ἀνδρὶ
936 2765 1070 2824 ἄνδρα
1106 2769 1335 2813 Μακεδόνα
1378 2768 1437 2821 ὥς
