1747 3293
491 259 803 295 ΗΡΟΔΟΤΟΥ
832 260 878 294 Η.
903 260 1069 295 99—102.
1381 251 1462 293 139

101 329 275 382 βασιλέϊ
299 325 556 380 ἀπεδέξατο.
593 333 678 371 τιῦν
704 329 750 371 δὲ
775 330 976 381 κατέλεξα
1000 330 1166 372 πολίων
1191 327 1461 386 ἡγεμονεύειν

103 392 246 452 αὐτήν,
273 393 323 438 τὸ
351 395 480 447 ἔθνος
504 394 740 453 ἀποφαίνει)
767 400 855 440 πᾶν
876 395 944 439 ἐὸν
964 397 1170 453 Δωρικόν,
1193 395 1462 454 Ἁλικαρνησ-

103 465 205 512 σέας
234 462 310 516 μὲν
340 462 627 519 Τροιζηνίους,
660 462 760 514 τοὺς
792 464 838 506 δὲ
864 462 1019 514 ἄλλους
1039 461 1356 520 Ἐπιδαυρίους.
1419 463 1462 515 ἐς

100 529 177 582 μὲν
201 529 380 572 τοσόνδε
407 526 429 572 5
456 528 652 580 ναυτικὸς
678 529 861 587 στρατὸς
887 531 1065 586 ε’ίρηται.

186 598 345 653 Ξέρξης
371 596 429 647 δέ,
458 596 554 640 ἐπεὶ
579 595 811 654 ἠριθμήθη
831 614 877 640 τε
895 600 965 640 καὶ
987 599 1195 654 διετάχθη
1217 597 1239 642 5
1262 600 1456 657 στρατός,

101 662 357 721 ἐπεθύμησε
377 661 507 715 αὐτός
533 680 671 720 σφεας
697 665 946 716 διεξελάσας
972 666 1247 720 θηήσασθαι.
1284 665 1394 720 μετὰ
1415 666 1461 708 δὲ

102 729 247 773 ἐποίεε
271 735 419 783 ταῦτα,
447 732 517 773 καὶ
543 731 821 783 διεξελαύνων
848 729 913 773 ἐπ’
932 728 1124 786 ἅρματος
1149 730 1250 789 παρ’
1269 733 1397 783 ἔθνος
1418 734 1460 775 ἓν

102 797 280 841 ἕκαστον
317 797 604 849 ἐπυνθάνετο,
649 799 720 839 καὶ
757 795 1011 854 ἀπέγραφον
1048 798 1090 840 οἱ
1123 803 1457 854 γραμματισταί,

101 864 182 915 ἕως
208 864 254 917 ἐξ
276 864 464 918 ἐσχάτων
490 864 532 915 ἐς
558 864 715 917 ἔσχατα
741 862 920 907 ἀπίκετο
946 866 1015 907 καὶ
1035 869 1110 920 τῆς
1129 865 1272 907 ἵππου
1293 868 1364 907 καὶ
1382 870 1459 908 τοῦ

99 932 246 983 πεζοῦ.
308 930 367 982 ὥς
398 932 444 974 δὲ
474 932 611 973 ταῦτά
646 931 687 973 οἱ
719 930 975 986 ἐπεποίητο,
1014 935 1100 974 τῶν
1131 937 1236 975 νειῦν
1261 933 1460 974 κατελκυ-

100 1001 316 1041 σθεισέων
336 997 378 1049 ἐς
396 998 641 1050 θάλασσαν,
671 997 863 1041 ἐνθαῦτα
883 996 1079 1055 ὅΞέρξης
1091 997 1300 1054 μετεκβὰς
1321 998 1363 1041 ἐκ
1383 1004 1458 1042 τοῦ

99 1062 292 1122 ἅρματος
328 1064 370 1116 ἐς
406 1069 480 1108 νέα
511 1066 722 1122 Σιδωνίην
758 1065 871 1118 ἵζετο
909 1063 996 1109 ὖπὸ
1036 1070 1165 1124 σκηνῇ
1194 1069 1349 1123 χρυσέῃ
1386 1069 1459 1109 καὶ

98 1134 334 1188 παρέπλωε
364 1132 486 1188 παρὰ
516 1132 594 1184 τὰς
623 1133 804 1191 πρώρας
834 1137 918 1176 τιῦν
949 1137 1071 1185 νειῦν,
1112 1132 1382 1190 ἐπειρωτέων
1412 1150 1459 1176 τε

98 1199 280 1251 ἑκάστας
305 1198 468 1254 ὁμοίως
492 1202 564 1243 καὶ
586 1199 660 1243 τὸν
686 1199 816 1253 πεζὸν
840 1202 911 1243 καὶ
943 1198 1320 1258 ἀπογραφόμενος.
1382 1200 1459 1251 τὰς

99 1268 144 1310 δὲ
168 1271 266 1319 νέας
292 1268 333 1310 οἱ
357 1267 563 1324 ναύαρχοι
590 1265 873 1324 ἀναγαγόντες
892 1265 994 1311 ὅσον
1014 1285 1060 1311 τε
1078 1268 1262 1325 τέσσερα
1282 1270 1458 1322 πλέθρα

97 1333 188 1378 ἀπὸ
219 1339 296 1378 τοῦ
328 1335 525 1390 αἰγιαλοῦ
558 1333 834 1388 ἀνεκώχευον,
868 1335 946 1386 τὰς
976 1335 1156 1390 πρώρας
1188 1335 1229 1386 ἐς
1258 1340 1333 1392 γῆν
1364 1339 1459 1390 τρέ-

96 1409 261 1457 ψαντες
291 1403 451 1453 πάντες
479 1403 750 1458 μετωπηδόν,
790 1404 861 1445 καὶ
893 1402 1196 1455 ἐξοπλίσαντες
1226 1401 1328 1453 τοὺς
1361 1402 1460 1445 ἐπι-

94 1469 233 1522 βάτας
265 1467 324 1520 ὥς
350 1468 392 1520 ἐς
417 1470 620 1523 πόλεμον.
683 1468 705 1513 5
735 1467 774 1512 δ’
793 1468 910 1520 ἐντὸς
940 1474 1024 1513 τιῦν
1056 1473 1264 1527 πρωρέων
1296 1470 1458 1512 πλώων

97 1535 276 1592 ἐθηέετο
302 1538 374 1579 καὶ
398 1541 475 1580 τοῦ
503 1537 715 1593 αἰγιαλοῦ.

177 1601 240 1654 Ὦς
266 1604 311 1646 δὲ
341 1605 413 1646 καὶ
443 1605 604 1655 ταύτας
630 1605 892 1656 διεξέπλωσε
922 1606 993 1646 καὶ
1026 1602 1145 1661 ἐξέβη
1181 1602 1225 1647 ἐκ
1249 1607 1323 1660 τῆς
1347 1604 1453 1655 νεός,

95 1674 410 1725 μετεπέμψατο
432 1671 689 1727 Δημάρητον
708 1669 781 1714 τὸν
792 1669 1042 1727 Ἀρίστωνος
1064 1672 1456 1727 συστρατευόμενον

97 1736 214 1794 αὐτῷ
252 1737 326 1781 ἐπὶ
361 1737 436 1794 τὴν
468 1736 667 1789 Ἑλλάδα,
712 1737 895 1788 καλέσας
932 1738 971 1781 δ’
996 1737 1124 1782 αὐτὸν
1163 1739 1300 1795 ε’ίρετο
1337 1739 1454 1782 τάδε.

91 1803 371 1861 “Δημάρητε,
413 1809 483 1848 νῦν
519 1809 596 1858 μοί
638 1821 685 1848 σε
722 1803 800 1860 ἡδύ
840 1805 932 1848 ἐστι
969 1807 1172 1862 εἴρεσθαι
1207 1805 1262 1848 τὰ
1300 1805 1454 1849 ἐθέλω.

97 1871 147 1915 σὺ
174 1871 235 1923 εἷς
250 1870 398 1928 Ἕλλην
423 1888 480 1923 τε,
508 1874 579 1914 καὶ
606 1870 665 1922 (ὃς
691 1871 772 1928 ἐγὼ
799 1873 1083 1926 πυνθάνομαι
1109 1876 1183 1916 σεῦ
1209 1889 1255 1915 τε
1280 1874 1454 1915 καὶτῶν

96 1937 237 1982 ἄλλων
252 1937 456 1995 Ἑλλήνων
482 1943 566 1981 τῶν
587 1939 683 1993 ἐμοὶ
705 1939 747 1990 ἐς
767 1940 919 1995 λόγους
940 1938 1270 1994 ἀπικνεομένων,
1299 1940 1457 1991 πόλιος

97 2005 184 2050 οὔτ’
202 2007 424 2062 ἐλαχίστης
450 2004 537 2049 οὔτ’
555 2004 890 2064 ἀσθενεστάτης.
935 2011 1006 2050 νῦν
1033 2001 1092 2050 ὦν
1116 2024 1192 2062 μοι
1217 2008 1317 2050 τόδε
1343 2008 1458 2065 φρά-

97 2091 184 2127 σον,
218 2072 466 2130 εἷἝλληνες
495 2072 785 2128 ὑπομενέουσι
814 2083 961 2128 χεῖρας
987 2075 1082 2129 ἐμοὶ
1117 2073 1454 2131 ἀνταειρόμενοι.

96 2140 144 2185 οὗ
171 2142 265 2199 γάρ,
294 2140 352 2193 ὥς
377 2141 458 2198 ἐγὼ
486 2142 634 2194 δοκέω,
664 2140 754 2185 οὐδ’
773 2142 810 2184 εἰ
830 2141 1192 2199 πάντεςἝλληνες
1212 2145 1284 2185 καὶ
1304 2143 1346 2185 οἱ
1365 2145 1456 2186 λοι-

95 2211 177 2253 ποὶ
202 2210 243 2252 οἱ
268 2209 379 2267 πρὸς
405 2209 587 2266 ἑσπέρης
616 2209 824 2260 οἰκέοντες
845 2208 1079 2265 ἄνθρωποι
1100 2212 1451 2266 συλλεχθείησαν,

96 2275 172 2319 οὐκ
209 2275 441 2332 ἀξιόμαχοί
477 2277 563 2320 εἶσι
607 2276 679 2331 ἐμὲ
717 2277 897 2320 ἐπιόντα
939 2275 1174 2332 ὑπομεῖναι
1214 2278 1272 2334 μὴ
1317 2278 1456 2328 ἐόντες

96 2343 296 2401 ἄρθμιοι.
359 2344 498 2387 ἐθέλω
524 2348 672 2398 μέντοι
696 2347 768 2387 καὶ
792 2344 841 2387 τὸ
868 2343 957 2388 ἀπὸ
979 2350 1066 2397 σεῦ,
1097 2343 1240 2388 ὁκοῖόν
1260 2363 1301 2388 τι
1320 2345 1455 2401 λέγεις

96 2414 198 2466 περὶ
224 2409 376 2462 αὗτιῦν,
403 2410 678 2454 πυθέσθαι.”
720 2410 742 2454 5
768 2413 844 2466 μὲν
869 2417 1006 2455 ταῦτα
1032 2412 1202 2469 εἰρώτα,
1233 2410 1254 2455 5
1277 2413 1323 2454 δὲ
1343 2410 1454 2455 ὑπο-

96 2477 239 2532 λαβών
266 2478 347 2534 ἔφη
369 2472 436 2520 “ὦ
461 2480 654 2531 βασιλεῦ,
682 2479 835 2534 κότερα
867 2477 1052 2535 ἀληθείῃ
1082 2479 1311 2535 χρήσωμαι
1343 2478 1454 2535 πρὸς

97 2547 145 2589 σὲ
169 2544 196 2602 ἢ
223 2542 404 2601 ἡδονῇ,·”
445 2542 466 2587 ὃ
495 2546 541 2587 δέ
564 2562 637 2599 μιν
663 2543 847 2601 ἀληθείῃ
871 2546 1124 2601 χρήσασθαι
1151 2545 1332 2596 ἐκέλευε,
1369 2545 1456 2602 φὰς

97 2611 221 2656 οὐδέν
248 2612 290 2654 οἱ
315 2610 570 2668 ἀηδέστερον
591 2611 774 2655 ἔσεσθαι
793 2610 818 2668 ἢ
838 2613 1050 2667 πρότερον
1071 2607 1131 2668 ἧν.
1172 2610 1230 2663 ὠς
1252 2613 1297 2655 δὲ
1316 2617 1453 2656 ταῦτα

96 2680 251 2736 ἤκουσε
271 2679 538 2736 Δημάρητος,
568 2680 681 2735 ἔλεγε
700 2680 816 2722 τάδε.
850 2677 1072 2733 (ᾙασιλεῦ,
1096 2679 1245 2736 ἐπειδὴ
1268 2678 1453 2738 ἀληθείῃ

95 2748 346 2804 χρήσασθαι
388 2747 562 2798 πόντιος
597 2763 650 2801 με
693 2747 877 2798 κελεύεις
911 2752 1048 2791 ταῦτα
1084 2749 1259 2804 λέγοντα
1300 2745 1354 2790 τὰ
1392 2747 1453 2805 μὴ

1486 610 1534 636 100

1483 1616 1529 1642 101

1480 2627 1528 2652 102
