1747 3293
164 953 197 978 97

167 1492 200 1517 93

169 1964 203 1989 99

220 259 300 300 138
616 262 932 299 ΗΡΟΔΟΤΟΥ
962 262 1009 296 Η.
1034 262 1178 297 96-99.

224 341 415 386 Φοίνικες
439 335 510 376 καὶ
533 336 739 376 Φοινίκιον
759 331 977 374 Σιδώνιοι.
1015 331 1210 373 τούτοισι
1235 334 1345 373 πᾶσι
1370 330 1439 372 καὶ
1459 338 1575 373 τοῖσι

221 404 263 454 ἒς
287 402 360 445 τὸν
385 400 514 452 πεζὸν
539 402 836 454 τεταγμένοισι
869 395 1009 440 αὐτῶν
1042 396 1206 453 ἐπῆσαν
1234 396 1454 440 ἑκάστοισι
1480 396 1576 440 ἐπι-

218 470 373 525 χώριοι
399 466 612 524 ἡγεμόνες,
640 471 724 509 τιῦν
751 465 846 521 ἐγώ,
876 463 923 508 οὗ
951 463 1030 521 γὰρ
1057 462 1261 520 ἀναγκαίῃ
1291 462 1516 521 ἐξέργομαι
1536 463 1578 515 ἒς

222 538 413 592 ἱστορίης
438 535 575 589 λόγον,
611 531 658 576 οὗ
686 536 1045 589 παραμέμνημαι·
1079 528 1177 574 οὔτε
1201 530 1280 587 γὰρ
1308 531 1457 582 ἔθνεος
1483 530 1579 573 ἑκά-

221 620 322 646 στου
350 602 525 654 ἐπάξιοι
551 595 657 656 ἦσαν
685 601 726 643 οἱ
751 598 970 656 ἡγεμόνες,
1000 598 1041 641 ἔν
1066 597 1099 641 τ’
1118 598 1238 641 ἔθνεϊ
1263 597 1427 654 ἑκάστῳ
1456 594 1579 640 ὅσαι-

220 687 301 727 περ
328 670 480 720 πόλιες
505 673 705 712 τοσοῦτοι
731 669 801 709 καὶ
829 665 1029 723 ἡγεμόνες
1056 659 1174 722 ἦσαν.
1237 665 1411 708 εἵποντο
1445 666 1490 708 δὲ
1521 662 1580 715 ὥς

223 737 270 781 οὗ
300 738 529 794 στρατηγοὶ
557 734 644 778 ἀλλ’
664 733 811 791 ὥσπερ
840 734 881 776 οἳ
908 732 1031 776 ἄλλοι
1058 733 1390 789 στρατευόμενοι
1416 733 1576 784 δοῦλοι,

223 806 319 848 ἐπεὶ
357 806 584 861 στρατηγοὶ
619 803 660 846 οἱ
696 802 743 845 τὸ
777 807 863 845 πᾶν
896 802 1058 854 ἔχοντες
1095 800 1249 855 κράτος
1278 802 1349 843 καὶ
1381 798 1580 856 ἄρχοντες

221 878 305 916 τιῦν
333 873 493 916 ἐθνέων
520 871 720 922 ἑκάστων,
751 867 847 913 ὅσοι
875 867 1016 911 αύτιῦν
1043 862 1148 924 ἦσαν
1174 866 1356 923 Πέρσαι,
1391 867 1583 924 εἰρέαταί

222 957 311 995 μοι.
372 944 447 982 τοῦ
475 940 521 982 δὲ
545 942 743 982 ναυτικοῦ
771 937 1050 993 ἐστρατήγεον
1077 935 1180 986 οἵδε,
1204 932 1466 990 Ἀριαβίγνης
1491 950 1536 976 τε
1557 931 1580 976 5

222 1012 407 1064 Δαρείου
434 1008 503 1049 καὶ
529 1006 793 1062 Πρηξάσπης
826 1003 846 1047 5
870 1001 1143 1047 Ἀσπαθίνεω
1176 1003 1247 1044 καὶ
1272 1001 1525 1057 Μεγάβαζος
1557 998 1579 1042 5

220 1076 484 1130 Μεγαβάτεω
511 1076 580 1116 καὶ
603 1072 848 1128 Ἀχαιμένης
881 1069 902 1113 5
930 1075 1133 1126 Δαρείου,
1173 1074 1248 1126 τῆς
1278 1070 1354 1123 μὲν
1376 1067 1511 1119 Ἰάδος
1535 1084 1581 1110 τε

222 1145 291 1185 καὶ
318 1146 506 1198 Καρικῆς
533 1145 736 1196 στρατιῆς
758 1137 1020 1196 Ἀριαβίγνης
1047 1135 1068 1180 5
1098 1143 1282 1193 Δαρείου
1310 1153 1354 1179 τε
1380 1144 1486 1186 παῖς
1510 1136 1582 1178 καὶ

222 1215 297 1266 τῆς
321 1212 532 1265 Γωβρύεω
560 1208 798 1263 θυγατρός·
824 1206 1075 1261 Αἰγυπτίων
1103 1205 1148 1246 δὲ
1174 1203 1425 1259 ἐστρατήγεε
1446 1201 1583 1256 Ἀχαι-

223 1282 350 1333 μένης
369 1276 534 1330 Ξέρξεω
563 1274 642 1317 ἒιὸν
670 1272 743 1316 ἀπ’
762 1272 1018 1330 ἀμφοτέρων
1040 1270 1262 1328 ἀδελφεός,
1290 1276 1364 1327 τῆς
1385 1272 1430 1313 δὲ
1453 1269 1583 1327 ἄλλης

224 1348 427 1400 στρατιῆς
453 1342 731 1398 ἐστρατήγεον
759 1341 800 1382 οἷ
827 1341 916 1382 δύο.
954 1339 1243 1395 τριηκόντεροι
1271 1338 1317 1380 δὲ
1336 1339 1407 1380 καὶ
1426 1354 1582 1394 πεντη-

224 1412 417 1466 κόντεροι
442 1411 512 1452 καὶ
537 1413 757 1465 κέρκουροι
782 1409 852 1449 καὶ
881 1404 1116 1462 ἱππαγωγὰ
1142 1407 1277 1448 πλοῖα
1303 1405 1460 1462 σμικρὰ
1486 1421 1584 1449 συν-

226 1479 414 1522 ελθόντα
445 1477 486 1528 ἒς
516 1476 589 1519 τὸν
616 1473 807 1531 ἀριθμὸν
841 1474 976 1530 ἐφάνη
1009 1475 1236 1530 τρισχίλια.
1297 1477 1382 1516 τιῦν
1414 1473 1460 1516 δὲ
1486 1472 1584 1516 ἑπι-

225 1547 459 1589 πλωόντων
490 1544 598 1598 μετά
630 1560 676 1599 γε
706 1541 807 1593 τοὺς
840 1539 1102 1597 στρατηγοὺς
1135 1541 1225 1583 οἵδε
1256 1534 1364 1596 ἦσαν
1391 1540 1433 1583 οἱ
1463 1539 1585 1584 οὖνο-

225 1613 502 1668 μαστότατοι,
532 1612 741 1662 Σιδώνιος
771 1609 1091 1665 Τετράμνηστος
1113 1605 1304 1659 Ἀνύσου,
1332 1609 1404 1650 καὶ
1432 1608 1585 1666 Τύριος

224 1679 396 1737 Ματτὴν
426 1680 648 1735 Σιρώμου,
683 1680 753 1720 καὶ
775 1675 969 1733 Ἀράδιος
999 1675 1225 1731 Μέρβαλος
1252 1672 1475 1731 Ἀγβάλου,
1513 1678 1586 1718 καὶ

225 1751 351 1800 Κίλιξ
385 1751 608 1797 Συέννεσις
640 1744 954 1803 Ὠρομέδοντος,
999 1746 1071 1786 καὶ
1106 1743 1264 1793 Λύκιος
1299 1746 1586 1800 Κυβερνίσκος

225 1821 350 1867 Σίκα,
389 1816 459 1857 καὶ
485 1814 676 1871 Κύπριοι
702 1814 865 1869 Γόργος
896 1828 941 1854 τε
975 1809 996 1854 5
1022 1815 1207 1867 Χέρσιος
1238 1812 1309 1853 καὶ
1338 1812 1538 1864 Τιμῶναξ
1561 1808 1583 1853 5

233 1884 495 1938 Τιμαγόρεω,
523 1883 595 1923 καὶ
619 1870 995 1935 Καριῦν’ἲ]στιαῖός
1020 1895 1065 1921 τε
1091 1876 1113 1921 5
1139 1879 1308 1932 Τύμνεω
1334 1879 1406 1920 καὶ
1424 1881 1586 1934 Πίγρης

229 1949 251 1994 5
284 1950 516 2003 Σελδιόμου
548 1950 620 1990 καὶ
652 1951 975 2002 Δαμασίθυμος
1007 1944 1028 1990 5
1061 1945 1335 1989 Κανδαύλεω.
1394 1949 1480 1988 τῶν
1509 1944 1585 2000 μέν

226 2036 297 2061 νυν
324 2015 463 2060 ἄλλων
490 2013 537 2059 οὖ
565 2019 904 2072 παραμέμνημαι
930 2013 1190 2070 ταξιαρχέων
1217 2011 1276 2064 ὦς
1302 2010 1377 2056 οὔκ
1403 2010 1586 2069 ἀναγκα-

228 2086 415 2139 ζόμενος,
438 2081 702 2141 Ἀρτεμισίης
729 2082 786 2134 δέ,
814 2086 889 2139 τῆς
913 2082 1105 2136 μάλιστα
1129 2085 1265 2141 θξῦμα
1285 2084 1493 2134 ποιεῦμαι
1513 2080 1587 2124 ἐπὶ

227 2152 300 2208 την
321 2151 502 2195 Ἑλλάδα
528 2153 896 2205 στρατευσαμένης
920 2148 1129 2205 γυναικός,
1160 2144 1252 2203 ἥτις
1278 2145 1586 2200 ἀποθανόντος

228 2225 305 2263 τοῦ
343 2218 497 2275 ἀνδρὸς
534 2216 639 2275 αὕτη
677 2234 722 2260 τε
760 2216 915 2271 ἔχουσα
952 2215 1024 2272 τὴν
1060 2215 1289 2271 τυραννίδα
1325 2216 1395 2257 καὶ
1426 2214 1588 2267 παιδὸς

229 2286 497 2343 ὗπάρχοντος
524 2290 693 2342 νεηνίεω
724 2282 808 2327 ὗπὸ
836 2284 1027 2340 λήματός
1052 2300 1096 2325 τε
1121 2284 1191 2325 καὶ
1214 2280 1415 2338 ἀνδρηίης
1436 2282 1589 2340 ἐστρα-

229 2356 388 2407 τεύετο,
418 2351 619 2409 οὐδεμιῆς
645 2351 797 2408 ἐούσης
823 2352 864 2394 οἱ
889 2350 1130 2407 ἀναγκαίης.
1181 2347 1343 2404 οὕνομα
1367 2350 1443 2404 μὲν
1469 2349 1519 2407 δὴ
1539 2344 1589 2407 ἧν

231 2420 338 2480 αὐτῇ
359 2420 618 2477 Ἀρτεμισίη,
652 2420 848 2476 θυγάτηρ
877 2420 922 2462 δὲ
948 2412 995 2475 ἧν
1020 2417 1289 2474 Λυγδάμιος,
1322 2416 1443 2473 γένος
1474 2418 1520 2460 δὲ
1545 2417 1593 2470 ἐξ

226 2488 553 2546 Ἁλικαρνησσοῦ
578 2487 632 2530 τὰ
657 2486 768 2542 πρὸς
793 2486 977 2543 πατρός,
1005 2485 1058 2528 τὰ
1082 2485 1302 2541 μητρόθεν
1329 2485 1374 2528 δὲ
1397 2489 1587 2543 Κρῆσσα.

231 2556 459 2613 ἡγεμόνευε
487 2556 532 2598 δὲ
552 2552 911 2611 Ἀλικαρνησσέων
941 2570 987 2597 τε
1017 2555 1088 2596 καὶ
1113 2553 1248 2609 Κῴων
1273 2554 1344 2595 καὶ
1368 2558 1589 2611 Νισυρίων

231 2641 275 2667 τε
294 2626 365 2666 καὶ
379 2623 640 2675 Καλυδνίων,
669 2625 794 2665 πέντε
816 2625 911 2672 νέας
930 2624 1212 2678 παρεχομένη.
1250 2622 1321 2663 καὶ
1337 2621 1590 2678 συναπάσης

232 2696 307 2748 τῆς
333 2695 551 2747 στρατιῆς,
589 2689 698 2744 μετά
731 2706 776 2745 γε
808 2687 885 2740 τὰς
911 2689 1142 2740 Σιδωνίων,
1176 2692 1273 2739 νέας
1303 2686 1589 2741 εὖδοξοτάτας

233 2763 480 2814 παρείχετο,
520 2758 694 2802 πάντων
733 2757 778 2800 δὲ
812 2761 896 2800 τιῦν
934 2755 1168 2812 σι’,ιιμάχων
1202 2754 1374 2814 γνώμας
1411 2753 1590 2812 ἀρίστας
