1747 3293
271 240 351 284 144
644 244 956 281 ΗΡΟΔΟΤΟΥ
985 244 1031 278 Η.
1059 244 1248 280 112—116.

264 316 426 375 χρύσεά
451 332 496 358 τε
521 316 592 357 καὶ
618 312 804 370 ἀργύρεα
836 312 896 356 ἔνι
920 314 1128 366 μέταλλα,
1162 311 1217 356 τὰ
1248 316 1447 367 νέμονται
1472 317 1624 371 Πίερές

195 398 243 424 113
268 402 312 427 τε
337 385 409 425 καὶ
429 380 676 436 Ὀδόμαντοι
700 382 772 423 καὶ
796 380 987 434 μάλιστα
1005 380 1186 436 Σάτραι.
1222 378 1553 435 ὑπεροικέοντας
1577 382 1624 424 δὲ

266 450 315 494 τὸ
336 450 557 505 Πάγγαιον
581 446 693 505 πρὸς
717 450 856 502 βορέω
884 445 1040 502 ἀνέμου
1061 451 1252 498 Παίονας
1272 447 1471 505 Δόβηράς
1490 464 1535 491 τε
1553 450 1625 491 καὶ

267 516 499 566 Παιόπλας
524 514 741 572 παρεξιὼν
766 512 832 572 ἤιε
857 513 968 572 πρὸς
994 514 1190 572 ἕσπέρην,
1226 514 1269 565 ἐς
1294 514 1316 558 ὃ
1345 512 1524 558 ἀπίκετο
1551 514 1626 558 ἐπὶ

266 583 465 638 ποταμόν
489 599 535 625 τε
554 582 781 637 Στρυμόνα
805 583 876 625 καὶ
901 582 1030 625 πόλιν
1045 580 1201 633 Ἠιόνα,
1228 585 1304 638 τῆς
1330 581 1393 625 ἔτι
1419 580 1527 634 ζωὸς
1546 580 1626 625 ἐὼν

266 646 366 708 ἦρχε
385 651 525 707 Βόγης
549 654 711 706 τοῦπερ
739 648 868 705 ὀλίγῳ
894 649 1105 706 πρότερον
1125 649 1288 693 τούτων
1309 650 1434 705 λόγον
1455 648 1628 692 ἐποιεύ-

266 736 361 775 μην.
421 715 446 774 ἡ
473 718 519 761 δὲ
543 722 595 774 γῆ
622 714 728 773 αῧτη
761 715 785 774 ἡ
818 719 920 774 περὶ
949 717 999 760 τὸ
1025 717 1246 773 Πάγγαιον
1272 711 1400 771 οὖρος
1429 718 1628 759 καλέεται

271 787 442 837 Φυλλίς,
470 789 780 828 κατατείνουσα
804 784 858 828 τὰ
882 785 958 839 μὲν
984 783 1094 840 πρὸς
1120 784 1303 840 ἑσπέρην
1330 783 1403 827 ἐπὶ
1429 782 1626 837 ποταμὸν

264 852 449 910 Άγγίτην
476 852 699 896 ἐκδιδόντα
725 851 766 903 ἐς
790 851 863 896 τὸν
888 853 1131 908 Στρυμόνα,
1164 851 1218 895 τὰ
1250 851 1296 894 δὲ
1320 850 1432 906 πρὸς
1461 866 1627 905 μεσαμ-

269 925 393 978 βρίην
418 924 618 964 τείνουσα
644 920 686 970 ἐς
712 917 841 963 αὗτὸν
865 918 939 963 τὸν
963 920 1206 976 Στρυμόνα,
1241 918 1283 970 ἐς
1312 917 1387 962 τὸν
1419 918 1461 961 οἳ
1484 918 1629 973 Μάγοι

198 1001 248 1027 114
273 988 566 1045 ἐκαλλιρέοντο
588 988 823 1044 σφάζοντες
842 987 1010 1038 ἵππους
1029 988 1216 1039 λευκούς.
1249 985 1629 1044 φαρμακεύσαντες

271 1057 317 1098 δὲ
342 1060 478 1099 ταῦτα
504 1055 546 1106 ἐς
570 1054 643 1098 τὸν
669 1054 866 1109 ποταμὸν
892 1057 963 1098 καὶ
988 1054 1097 1097 ἄλλα
1121 1053 1264 1098 πολλὰ
1289 1053 1401 1109 πρὸς
1431 1053 1629 1096 τούτοισι

273 1123 314 1166 ἐν
335 1121 475 1166 Ἐννέα
506 1121 651 1166 ὁδοῖσι
680 1127 781 1180 τῇσι
801 1121 995 1165 Ἠδωνῶν
1027 1121 1285 1177 ἐπορεύοντο
1317 1119 1424 1164 κατὰ
1454 1118 1531 1170 τὰς
1561 1135 1630 1175 γε-

272 1192 425 1247 φύρας,
446 1190 520 1233 τὸν
533 1190 760 1245 Στρυμόνα
779 1188 973 1247 εὑρόντες
987 1189 1244 1245 ἐζευγμένον.
1279 1186 1420 1232 Ἐννέα
1435 1187 1481 1230 δὲ
1501 1185 1630 1237 ὁδοὺς

272 1258 597 1311 πυνθανόμενοι
622 1256 695 1300 τὸν
714 1261 856 1313 χῶρον
874 1260 1026 1299 τοῦτον
1051 1258 1300 1307 καλέεσθαι,
1327 1254 1563 1305 τοσούτους
1589 1253 1630 1296 ἐν

273 1322 389 1379 αὐτῷ
423 1324 588 1374 παῖδάς
618 1340 664 1366 τε
695 1326 766 1366 καὶ
797 1326 1048 1380 παρθένους
1081 1322 1246 1379 ἀνδρῶν
1276 1326 1361 1365 τιῦν
1387 1321 1631 1379 ἐπιχωρίων

274 1391 461 1443 ζώοντας
486 1391 778 1445 κατώρυσσον.
827 1389 1035 1448 Περσικὸν
1063 1391 1109 1433 δὲ
1132 1389 1182 1433 τὸ
1210 1389 1397 1442 ζώοντας
1421 1388 1632 1445 κατορύσ-

276 1474 376 1509 σειν,
406 1457 501 1500 ἐπεὶ
527 1459 598 1500 καὶ
615 1455 835 1514 Ἄμηστριν
859 1457 933 1514 τὴν
952 1459 1119 1515 Ξέρξεω
1145 1466 1324 1513 γυναῖκα
1348 1456 1633 1511 πυνθάνομαι

271 1526 520 1582 γηράσασαν
547 1526 612 1576 δὶς
638 1524 749 1568 ἑπτὰ
773 1529 972 1582 Περσέων
998 1526 1161 1576 παῖδας
1193 1524 1348 1568 ἐόντων
1382 1524 1629 1580 ἐπιφανέων

273 1590 440 1649 ἀνδρῶν
475 1591 585 1649 ὑπὲρ
623 1592 783 1649 ἑωυτῆς
812 1597 873 1648 τῴ
912 1590 996 1635 ὑπὸ
1033 1596 1108 1649 γῆν
1146 1594 1356 1648 λεγομένῳ
1395 1589 1505 1634 εἶναι
1536 1594 1630 1646 θεῷ

274 1659 627 1717 ἀντιχαρίζεσθαι
652 1657 1017 1716 κατορύσσουσαν.

201 1741 249 1768 115
354 1727 416 1778 ’,Ως
442 1729 487 1771 δὲ
513 1725 602 1771 ἀπὸ
634 1732 711 1770 τοῦ
736 1728 982 1785 Στρυμόνος
1015 1727 1245 1785 ἐπορεύετο
1278 1724 1300 1770 ὃ
1333 1726 1535 1784 στρατός,
1570 1725 1633 1769 ἐν-

273 1800 420 1841 θαῦτα
445 1794 556 1852 πρὸς
577 1793 696 1850 ἡλίου
725 1796 919 1849 δυσμέων
940 1795 1031 1838 ἔστι
1052 1795 1247 1851 αἰγιαλὸς
1267 1794 1308 1838 ἐν
1326 1799 1388 1851 τῷ
1411 1794 1633 1852 οἰκημένην

270 1861 456 1919 Ἄργιλον
494 1863 622 1905 πόλιν
649 1860 830 1905 Ἑλλάδα
866 1862 1091 1918 παρεξήιε·
1129 1859 1233 1918 αἶ”τη
1273 1863 1318 1905 δὲ
1348 1864 1420 1905 καὶ
1449 1859 1474 1919 ἡ
1506 1861 1635 1904 κατύ-

274 1934 417 1985 περθε
436 1930 593 1986 ταύτης
610 1929 806 1973 καλέεται
825 1932 1048 1986 Βισαλτίη.
1088 1928 1287 1972 ἐνθεῦτεν
1309 1930 1355 1972 δὲ
1373 1927 1536 1972 κόλπον
1560 1927 1634 1972 τὸν

275 1996 350 2040 ἐπὶ
379 1998 618 2053 Ποσιδηίου
652 1996 699 2049 ἐξ
728 1995 953 2054 ἀριστερῆς
981 1998 1106 2054 χερὸς
1137 1996 1240 2050 ἔχων
1274 1995 1340 2054 ἤιε
1372 1995 1445 2040 διὰ
1475 1998 1635 2047 Συλέος

276 2066 430 2108 πεδίου
457 2063 727 2118 καλεομένου,
756 2065 989 2120 Στάγειρον
1015 2065 1144 2107 πόλιν
1159 2062 1341 2107 Ἑλλάδα
1360 2063 1635 2122 παραμειβό-

275 2148 418 2186 μενος,
457 2133 527 2174 καὶ
559 2130 737 2175 ἀπίκετο
771 2131 812 2183 ἐς
839 2129 1061 2183 Ἄκανθον,
1101 2129 1192 2186 ἅμα
1228 2130 1635 2188 ἀγόμενοςτούτων

277 2199 454 2242 ἕκαστον
489 2203 574 2242 τιῦν
611 2198 773 2242 ἐθνέων
809 2201 879 2242 καὶ
916 2203 1001 2242 τῶν
1037 2202 1139 2255 περὶ
1173 2198 1222 2242 τὸ
1255 2200 1480 2255 Πάγγαιον
1507 2191 1637 2256 οὖρος

276 2267 512 2319 οἰκεόντων,
546 2265 709 2321 ὁμοίως
733 2269 803 2309 καὶ
828 2271 914 2310 τιῦν
939 2267 1150 2324 πρότερον
1180 2269 1400 2319 κατέλεξα,
1433 2265 1534 2317 τοὺς
1558 2267 1636 2321 μὲν

275 2334 398 2389 παρὰ
417 2335 649 2378 θάλασσαν
664 2333 768 2387 ’έχων
790 2333 1037 2390 οἰκημένους
1052 2333 1094 2377 ἐν
1114 2337 1236 2391 νηυσὶ
1257 2333 1633 2390 στρατευομένους,

274 2401 374 2452 τοὺς
395 2400 555 2458 δ”ὖπὲρ
581 2402 811 2457 θαλάσσης
837 2402 942 2458 πεζῇ
963 2401 1212 2456 ἑπομένους.
1250 2401 1324 2458 τὴν
1346 2402 1390 2445 δὲ
1411 2399 1513 2444 ὁδὸν
1531 2401 1637 2444 ταύ-

275 2487 361 2525 την,
395 2473 445 2526 τῇ
475 2468 680 2523 βασιλεὺς
710 2471 869 2525 Ξέρξης
899 2468 972 2512 τὸν
1005 2469 1187 2526 στρατὸν
1220 2467 1368 2526 ἤλασε,
1405 2467 1503 2512 οὔτε
1535 2485 1637 2525 συγ-

272 2540 422 2589 χέουσι
456 2537 635 2593 Θρήικης
667 2534 752 2579 οὔτ’
771 2536 1096 2593 ἐπισπείρουσι,
1132 2536 1334 2592 σέβονταί
1362 2554 1408 2580 τε
1438 2534 1636 2592 μεγάλως

206 2616 252 2641 116
276 2604 323 2647 τὸ
349 2608 474 2661 μέχρι
499 2603 612 2658 ἐμεῦ.
670 2602 729 2655 ὥς
755 2605 799 2647 δὲ
826 2602 910 2661 ἄρα
937 2604 977 2655 ἐς
1003 2603 1076 2661 τὴν
1097 2602 1303 2648 Ἄκανθον
1329 2603 1522 2656 ἀπίκετο,
1552 2605 1637 2656 ξει-

276 2674 365 2728 νίην
396 2688 442 2714 τε
475 2669 496 2714 ὁ
527 2673 685 2728 Ξέρξης
715 2680 833 2716 τοῖσι
858 2670 1125 2715 Ἀκανθίοισι
1155 2681 1342 2730 προεῖπε
1371 2673 1443 2714 καὶ
1475 2671 1637 2727 ἐδωρή-

278 2738 383 2782 σατό
422 2755 559 2796 σφεας
598 2739 751 2796 ἐσθῆτι
789 2741 957 2796 Μηδικῇ
995 2739 1167 2783 ἐπαίνεέ
1202 2757 1266 2792 τε,
1306 2737 1440 2797 ὁρέων
1478 2736 1636 2789 αὐτοὺς
