1747 3293
448 263 760 299 ΗΡΟΔΟΤΟΥ
789 263 835 298 H.
861 262 1049 298 123-126.
1349 253 1428 294 147

79 332 297 389 Σερμύλην
327 332 603 388 Μηκύβερναν
625 329 838 376 Ὄλυνθον.
899 329 921 388 ἡ
959 335 1035 385 μέν
1064 349 1135 374 νυν
1167 331 1285 388 χώρη
1325 329 1429 387 αὕτη

78 403 272 456 Σιθωνίη
298 401 512 451 καλέεται,
547 397 568 442 ό
597 399 641 442 δὲ
665 397 860 450 ναυτικὸς
886 398 1067 454 στρατὸς
1093 396 1114 441 ὃ
1140 398 1305 455 Ξέρξεω
1333 414 1431 442 συν-

78 469 248 522 τάμνων
280 465 574 521 ἀπ’]ίμκτέλου
609 464 738 523 ἄκρης
769 466 843 509 ἐπὶ
873 473 1170 523 Καναστραῖον
1202 463 1342 523 ἄκρην,
1380 464 1429 509 τὸ

80 533 128 591 δὴ
156 531 301 590 πάσης
324 538 398 589 τῆς
417 534 639 589 Παλλήνης
665 532 802 586 ἀνέχει
825 534 1027 588 μάλιστα,
1057 534 1253 578 ἐνθεῦτεν
1271 537 1368 584 νέας
1386 550 1432 576 τε

77 603 149 644 καὶ
176 601 375 657 στρατιὴν
399 601 704 656 παρελάμβανε
730 600 773 643 ἐκ
792 601 1027 657 Ποτιδαίης
1051 602 1121 643 καὶ
1135 599 1336 657 Ἀφύτιος
1360 602 1432 642 καὶ

77 672 190 725 Νέης
226 669 381 720 πόλιος
416 670 487 711 καὶ
515 668 651 724 Αἰγῆς
686 669 759 710 καὶ
791 667 996 723 Θεράμβω
1034 669 1103 710 καὶ
1135 668 1325 724 Σκιώνης
1361 669 1430 710 καὶ

78 736 244 791 Μένδης
274 737 344 778 καὶ
368 735 526 791 Σάνης·
565 729 691 777 αὗται
715 734 794 790 γάρ
828 733 912 776 εἰσι
937 734 982 776 αἱ
1012 733 1085 790 τὴν
1116 739 1186 776 νῦν
1210 735 1432 790 Παλλήνην

79 803 291 858 πρότερον
317 803 363 845 δὲ
386 804 568 858 Φλέγρην
593 803 847 856 καλεομένην
871 801 1113 854 νεμόμεναι.
1150 802 1432 857 παραπλώων

82 870 126 912 δὲ
145 871 215 912 καὶ
234 870 390 925 ταύτην
409 867 482 924 τὴν
497 869 638 925 χώρην
653 868 794 911 ἕπλωε
809 866 851 918 ἒς
870 866 918 909 τὸ
939 866 1262 923 προειρημένον,
1290 884 1433 923 παρα-

79 937 308 990 λαμβάνων
328 934 528 991 στρατιὴν
545 937 617 977 καὶ
636 933 680 977 ἐκ
699 938 783 977 τῶν
803 938 1049 991 προσεχέων
1068 935 1233 978 πολίων
1252 938 1302 991 τῇ
1316 936 1433 977 Παλ-

80 1004 193 1060 λήνῃ,
216 1001 538 1058 ὁμουρεουσέων
553 1002 599 1044 δὲ
617 1006 677 1058 τῷ
695 1005 889 1058 Θερμαίῳ
910 1001 1072 1057 κόλπῳ,
1094 1005 1192 1058 τῇσι
1213 999 1432 1055 οὐνόματά

82 1070 173 1114 ἔστι
207 1070 328 1122 τάδε,
366 1071 565 1121 Λίπαξος
599 1069 833 1126 Κώμβρεια
868 1070 1005 1112 Λισαὶ
1040 1072 1226 1124 Γίγωνος
1263 1069 1435 1124 Κάμψα

80 1139 221 1192 Σμίλα
232 1139 403 1181 Αἴνεια·
430 1134 453 1192 ἡ
476 1137 522 1179 δὲ
540 1137 703 1179 τούτων
718 1137 835 1193 χώρη
856 1140 1078 1193 Κροσσαίη
1100 1136 1162 1179 ’έτι
1182 1138 1253 1178 καὶ
1274 1135 1315 1186 ές
1334 1136 1435 1179 τόδε

80 1207 289 1248 καλέεται.
350 1203 438 1247 ἀπὸ
467 1204 512 1246 δὲ
535 1203 726 1260 Αἰνείης,
762 1203 804 1254 ἐς
829 1203 901 1260 τὴν
928 1203 1167 1247 ἓτελεύτεον
1191 1205 1434 1259 καταλέγων

80 1272 157 1323 τὰς
183 1273 322 1323 πόλις,
352 1270 440 1315 ἀπὸ
460 1271 617 1328 ταύτης
636 1270 715 1328 ἤδη
738 1271 779 1322 ἒς
800 1269 928 1314 αὖτόν
948 1288 993 1314 τε
1014 1270 1086 1314 τὸν
1110 1277 1318 1327 Θερμαῖον
1337 1270 1434 1313 κόλ-

81 1356 164 1382 πον
196 1339 352 1394 ἒγίνετο
389 1343 449 1394 τῷ
482 1343 665 1394 ναυτικῷ
704 1343 872 1395 στρατιῇ
911 1337 932 1381 ὃ
971 1339 1107 1389 πλόος
1143 1340 1213 1381 καὶ
1249 1342 1322 1393 γῆν
1363 1336 1432 1393 τὴν

83 1407 341 1463 Μυγδονίην,
380 1405 539 1448 πλώων
571 1406 616 1448 δὲ
648 1403 825 1448 ἀπίκετο
864 1405 905 1456 ἴς
941 1422 986 1448 τε
1017 1404 1089 1461 τὴν
1125 1409 1434 1461 προειρημένην

84 1477 245 1530 Θέρμην
270 1475 339 1516 καὶ
359 1473 510 1516 Σίνδον
535 1489 580 1515 τε
606 1474 733 1516 πόλιν
758 1475 828 1515 καὶ
849 1474 1094 1529 Χαλέστρην
1121 1471 1193 1515 ἐπὶ
1213 1471 1285 1515 τὸν
1300 1470 1433 1523 Ἀξιὸν

82 1542 292 1595 ποταμόν,
333 1540 380 1592 ὃς
411 1538 570 1594 οὗρίζει
598 1540 739 1597 χώρην
770 1539 842 1596 την
873 1540 1112 1596 Μυγδονίην
1148 1556 1193 1582 τε
1224 1541 1293 1581 καὶ
1324 1545 1434 1581 Βοτ-

82 1609 267 1659 τιαιίδα,
304 1612 378 1664 τῆς
410 1607 552 1660 έχουσι
583 1606 631 1650 τὸ
664 1606 785 1663 παρὰ
815 1607 1044 1650 θάλασσαν
1083 1605 1244 1650 στεινὸν
1278 1610 1434 1663 χωρίον

83 1676 234 1726 πόλιες
250 1673 379 1728 Ἴχναι
403 1691 448 1716 τε
474 1676 543 1715 καὶ
569 1675 722 1716 Πέλλα.

163 1740 199 1785 ‘0
224 1743 298 1796 μὲν
325 1741 374 1797 δή
400 1739 596 1792 ναυτικὸς
617 1740 797 1798 στρατὸς
818 1739 947 1783 αὐτοῦ
970 1743 1066 1795 περὶ
1084 1739 1217 1791 Ἀξιὸν
1236 1739 1434 1794 ποταμὸν

82 1811 153 1852 καὶ
178 1810 306 1852 πόλιν
329 1811 488 1863 Θέρμην
507 1810 575 1849 καὶ
595 1807 671 1858 τὰς
689 1807 847 1860 ,ιιεταξιζΙ
869 1808 997 1857 πόλις
1016 1808 1176 1849 τούτων
1195 1807 1435 1864 περιμένων

83 1878 265 1931 βασιλέα
287 1875 686 1931 ἐστρατοπεδεύετο,
715 1876 872 1930 Ξέρξης
899 1875 943 1916 δὲ
968 1875 1037 1916 καὶ
1059 1872 1081 1915 0‘
1104 1872 1233 1926 πεζὸς
1253 1873 1435 1931 στρατὸς

86 1943 314 1998 ἐπορεύετο
353 1942 395 1985 ἐκ
430 1946 504 1997 τῆς
529 1940 735 1985 Ἀκάνθου
772 1941 845 1998 τὴν
885 1941 1120 1996 μεσόγαιαν
1156 1941 1325 1994 τάμνων
1361 1946 1436 1997 τῆς

86 2009 205 2062 ὁδοῦ,
239 2011 498 2064 βουλόμενος
530 2008 572 2059 ἒς
596 2009 668 2065 τὴν
697 2012 857 2065 Θέρμην
890 2007 1142 2051 ἀπικέσθαι.
1206 2008 1435 2065 ἐπορεύετο

85 2078 132 2120 δὲ
158 2076 230 2120 διὰ
254 2081 328 2133 τῆς
346 2081 576 2131 Παιονικῆς
595 2078 665 2118 καὶ
684 2080 982 2132 Κρηστωνικῆς
1004 2075 1076 2118 ἐπὶ
1096 2075 1293 2130 ποταμὸν
1308 2074 1437 2128 Ἐχεί-

87 2145 236 2201 δωρον,
265 2143 312 2195 ὃς
338 2143 380 2187 ἐκ
399 2148 712 2200 Κρηστωναίων
739 2142 973 2198 ἀρξάμενος
1000 2145 1085 2200 ῥέει
1106 2141 1178 2186 διὰ
1197 2143 1437 2198 Μυγδονίης

983 2210 994 2225 2

84 2212 225 2267 χώρης
259 2213 328 2253 καὶ
367 2211 467 2263 ἐξίει
504 2210 625 2268 παρὰ
667 2209 715 2253 τὸ
755 2211 848 2261 ἕλος
890 2210 938 2253 τὸ
978 2208 1047 2253 επ)
1072 2209 1193 2267 Σίξιῷ
1236 2215 1433 2266 ποταμῷ.

85 2282 361 2334 πορευομένῳ
390 2279 435 2320 δὲ
459 2279 590 2335 ταύτῃ
624 2280 789 2328 λέοντές
815 2278 856 2320 οἱ
888 2277 1156 2334 ἐπεθήκαντο
1188 2282 1287 2334 τῇσι
1320 2294 1436 2321 σιτο-
1479 2290 1492 2314 2

88 2346 267 2403 φόροισι
296 2346 545 2401 καμήλοισι·
582 2349 937 2401 καταφοιτέοντες
966 2344 1045 2401 γὰρ
1084 2346 1125 2387 οἱ
1161 2347 1325 2396 λέοντες
1361 2344 1438 2394 τὰς

86 2413 238 2463 νύκτας
261 2414 332 2454 καὶ
357 2414 577 2463 λείποντες
601 2412 654 2455 τὰ
681 2412 867 2469 σφέτερα
886 2410 1000 2468 ἤθεα
1021 2411 1148 2454 ἄλλου
1170 2413 1245 2465 μὲν
1266 2410 1438 2462 σι’·δενὸς

90 2476 277 2522 ἅπτοντο
304 2476 398 2521 οὔτε
423 2476 654 2534 ὑποζυγίου
683 2477 779 2521 οὔτε
801 2478 1053 2535 ἀνθρώπου,
1083 2479 1123 2520 οἱ
1144 2480 1187 2521 δὲ
1207 2478 1283 2529 τὰς
1303 2479 1438 2534 καμή-

88 2548 188 2597 λους
214 2543 426 2601 ἐκεράιζον
450 2546 620 2599 μούνας.
681 2547 874 2599 θωμάζω
904 2546 949 2588 δὲ
973 2545 1021 2587 τὸ
1050 2546 1198 2597 αἴτιον,
1228 2543 1252 2588 ὅ
1276 2563 1318 2587 τι
1341 2546 1438 2588 κοτὲ

90 2607 139 2669 ἧν
168 2617 253 2656 τῶν
285 2610 423 2654 ἄλλων
453 2611 502 2655 τὸ
535 2610 768 2668 ἀναγκάζον
805 2611 1094 2667 ἀπεχομένους
1130 2612 1230 2663 τους
1265 2614 1437 2663 λέοντας

90 2685 188 2737 τῇσι
206 2680 432 2736 καμήλοισι
451 2678 751 2730 ἐπιτίθεσθαι,
772 2678 821 2722 τὸ
841 2680 946 2736 μήτε
965 2680 1175 2737 πρότερον
1197 2677 1436 2723 ὀπώπεσαν

1455 343 1504 367 123

1460 1754 1508 1778 124

91 2751 248 2803 θηρίον
272 2748 377 2803 μήτε
403 2751 664 2802 πεπειρέατο
691 2744 834 2790 αὐτοῦ.
896 2747 979 2790 εἶσὶ
1012 2748 1056 2789 δὲ
1086 2746 1193 2790 κατὰ
1223 2751 1358 2790 ταῦτα
1382 2746 1435 2790 τὰ
1460 2760 1508 2785 120

1123 2814 1188 2849 10*
