1747 3293
417 266 731 301 ΗΡΟΔΟΤΟΥ
759 266 806 301 Η.
831 266 886 303 10.
901 265 942 300 θ.
969 266 1023 301 11.
1328 259 1407 300 111

55 340 132 381 τοῦ
152 334 297 392 ἑτέρου
318 334 446 386 κακὸς
465 333 587 379 εἶναι.
632 333 720 378 ἀλλ’
737 335 776 378 εἰ
795 334 845 392 δὴ
867 336 935 378 δεῖ
950 351 997 391 γε
1016 334 1191 387 πάντως
1212 335 1287 380 ἐπὶ
1310 336 1412 387 τούς
1435 348 1470 380 θ)

57 402 214 460 ἄνδρας
238 403 419 454 τούτους
444 403 775 461 στρατεύεσθαι,
803 402 925 460 φέρε,
951 401 1157 459 βασιλεὺς
1180 404 1255 458 μὲν
1281 401 1412 455 αὐτὸς

57 471 98 516 ἐν
128 469 262 528 ἤθεσι
298 479 415 514 τοῖσι
445 474 644 527 Περσέων
679 470 860 525 μενέτω,
898 469 1039 528 ἡμέων
1077 471 1122 514 δὲ
1155 469 1412 529 ἀμφοτέρων

54 540 452 597 παραβαλλομένων
476 537 531 581 τὰ
554 542 695 590 τέκνα,
725 539 1010 596 στρατηλάτεε
1035 537 1165 590 αὐτὸς
1189 538 1240 583 σὺ
1268 538 1413 583 ἐπιλε-

55 606 237 661 ξάμενός
254 622 300 649 τε
315 605 473 663 ἄνδρας
490 604 591 657 τοὺς
606 605 774 657 ἐθέλεις
786 608 855 649 καὶ
876 606 1020 662 λαβὼν
1040 606 1241 664 στρατιὴν
1256 605 1411 663 ὁκόσην

54 672 150 717 τινὰ
174 674 364 729 βούλεαι.
425 675 496 716 καὶ
520 671 570 729 ἢν
594 674 670 728 μὲν
693 677 744 730 τῇ
770 671 821 716 σὺ
848 675 983 730 λέγεις
1009 672 1215 731 ἀναβαίνῃ
1240 676 1413 729 βασιλέϊ

54 741 109 785 τὰ
128 742 374 797 πρήγματα,
402 743 662 784 κτεινέσθων
683 740 724 782 οἱ
745 739 841 794 ἐμοὶ
854 741 1022 792 παῖδες,
1051 740 1162 797 πρὸς
1177 742 1223 784 δὲ
1238 739 1411 785 αὐτοῖσι

54 811 126 852 καὶ
153 808 256 865 ἐγώ·
288 806 338 865 ἢν
365 809 410 851 δὲ
434 812 487 865 τῇ
518 806 599 863 ἐγὼ
626 808 843 864 προλέγω,
879 807 921 850 οἱ
952 810 1023 851 σοὶ
1053 813 1189 851 ταῦτα
1220 810 1411 862 πασχόν-

55 894 152 929 των,
187 875 262 919 σὺν
289 876 336 918 δέ
367 891 448 933 σφι
478 877 550 917 καὶ
575 875 645 926 σύ,
672 872 728 930 ,ἢν
760 872 1075 931 ἀπονοστήσῃς.
1136 875 1175 918 εἰ
1206 876 1413 919 δὲταῦτα

54 945 130 999 μὲν
159 942 390 986 ὑποδύνειν
422 940 497 985 οὖκ
522 941 763 997 ἐθελήσεις,
797 941 848 985 σὺ
883 942 929 985 δὲ
959 943 1134 993 πάντως
1166 942 1412 999 στράτευμα

56 1009 226 1063 ἀνάξεις
240 1010 314 1053 ἐπὶ
334 1007 610 1066 τὴνἙλλάδα,
638 1007 911 1052 ἀκούσεσθαί
928 1010 1023 1052 τινά
1044 1025 1157 1067 φημι
1175 1013 1260 1053 τιῦν
1280 1007 1413 1052 αὐτοῦ

54 1079 156 1136 τῇδε
187 1075 544 1132 ὑπολειπομένων
573 1076 832 1133 Μαρδόνιον,
871 1077 980 1132 μέγα
1010 1095 1053 1120 τι
1084 1076 1212 1120 κακὸν
1243 1076 1413 1134 ἐξεργα-

56 1150 209 1200 σμένον
228 1149 410 1201 Πέρσας,
437 1143 524 1188 ὖπὸ
550 1149 685 1188 κυνῶν
703 1161 749 1188 τε
769 1146 840 1187 καὶ
862 1142 1051 1200 ὀρνίθιον
1073 1145 1413 1202 διαφορεύμενον

53 1211 82 1270 ἤ
105 1230 179 1256 κου
207 1212 249 1256 ἓν
273 1217 324 1270 γῇ
348 1217 400 1269 τῇ
421 1210 660 1269 Ἀθηναίων
690 1210 716 1269 ἢ
749 1216 798 1255 σε’
826 1229 872 1268 γε
899 1211 940 1255 ἐν
964 1217 1016 1270 τῇ
1041 1213 1410 1267 Λακεδαιμονίων,

26 1284 27 1328 J
56 1281 94 1324 εἷ
112 1280 169 1337 μὴ
191 1278 275 1335 ἄρα
293 1282 365 1323 καὶ
385 1280 597 1337 πρότερον
617 1278 704 1322 κατ’
722 1277 836 1330 ὁδόν,
864 1280 1017 1335 γνόντα
1039 1278 1104 1324 ἐπ’
1123 1281 1241 1332 οἵους
1256 1278 1413 1338 ἄνδρας

26 1339 27 1342 ¹
56 1347 360 1404 ἀναγινώσκεις
385 1348 704 1404 στρατεύεσθαι
728 1345 951 1402 βασιλέα.”

26 1416 27 1422 ’
135 1414 391 1471 ,Ἀρτάβανος
410 1416 486 1469 μὲν
504 1420 641 1458 ταῦτα
657 1414 781 1467 ἔλεξε,
803 1416 962 1470 Ξέρξης
982 1415 1029 1457 δὲ
1041 1417 1275 1469 θυμωθεὶς
1290 1413 1412 1470 άμεί-

54 1488 178 1539 βεται
195 1483 375 1526 τοισίδε.
409 1480 675 1537 ((ᾌρτάβανε,
698 1481 863 1539 πατρὸς
883 1480 944 1533 εἷς
961 1487 1038 1525 τοῦ
1060 1482 1164 1536 ἐμοῦ
1180 1481 1410 1539 ἀδελφεός·

54 1551 184 1594 τοῦτό
212 1566 260 1594 σε
286 1550 461 1608 ῥύσεται
484 1551 647 1606 μηδένα
672 1547 792 1602 ἄξιον
816 1549 982 1604 μισθὸν
1003 1551 1149 1605 λαβεῖν
1171 1550 1309 1594 ἐπέων
1328 1568 1412 1605 μα-

55 1623 202 1662 ταίων.
262 1622 336 1660 καί
370 1634 440 1660 τοι
474 1618 631 1673 ταύτην
666 1616 740 1673 τὴν
777 1615 950 1674 ἀτιμίην
985 1621 1261 1674 προστίθημι
1299 1618 1413 1662 ἐόντι

54 1691 170 1743 κακῷ
196 1703 241 1729 τε
266 1687 338 1728 καὶ
358 1683 531 1741 ἀθύμῳ,
559 1686 666 1742 μήτε
685 1685 1061 1742 συστρατεύεσθαι
1081 1685 1225 1742 ἔμοιγε
1245 1685 1319 1729 ἐπὶ
1338 1686 1411 1743 τὴν

51 1753 233 1798 Ἑλλάδα
264 1751 397 1795 αὗτοῦ
427 1769 474 1795 τε
504 1756 645 1806 μένειν
676 1751 766 1807 ἅμα
796 1757 897 1809 τῇσι
926 1755 1112 1808 γυναιξί·
1151 1753 1232 1809 ἐγὼ
1266 1755 1312 1796 δὲ
1342 1756 1413 1796 καὶ

58 1820 156 1865 ἄνευ
184 1825 270 1873 σέο,
299 1818 466 1877 ὅσαπερ
493 1818 609 1872 εἶπα,
639 1819 837 1863 ἐπιτελέα
858 1821 1044 1876 ποιήσω.
1082 1820 1138 1876 μὴ
1158 1821 1238 1878 γάρ
1261 1822 1348 1878 εἰἠν
1369 1821 1413 1864 ἐκ

54 1894 241 1947 Δαρείου
272 1892 350 1931 τοῦ
376 1886 635 1938 Ὑστάσπεος
664 1892 741 1930 τοῦ
763 1886 995 1944 Ἀρσάμεος
1025 1892 1102 1930 τοῦ
1123 1886 1410 1945 Ἀριαράμνεω

55 1961 132 2001 τοῦ
167 1958 375 2007 Τεΐσπεος
411 1959 487 1998 τοῦ
519 1956 660 2011 Κύρου
698 1960 775 1998 τοῦ
812 1957 1056 2010 Καμβύσεω
1094 1961 1170 1999 τοῦ
1207 1958 1414 2008 Τεΐσπεος

55 2029 132 2068 τοῦ
153 2022 418 2078 Ἀχαιμένεος
447 2023 649 2079 γεγονώς,
688 2022 745 2080 μὴ
771 2023 1126 2080 τιμωρησάμενος
1146 2021 1411 2081 Ἀθηναίους,

57 2087 102 2136 εὗ
133 2091 422 2146 ἐπιστάμενος
461 2089 529 2134 ὅτι
567 2091 605 2133 εἰ
640 2089 764 2147 ἡμεῖς
799 2089 974 2148 ἡσυχίην
1012 2090 1186 2146 ἄξομεν,
1227 2091 1315 2135 ἀλλ’
1338 2091 1414 2135 οὐκ

21 2157 23 2165 ⁴
57 2159 227 2212 ἐκεῖνοι,
262 2157 370 2202 ἀλλὰ
395 2161 466 2201 καὶ
490 2159 608 2213 μάλα
634 2159 968 2215 στρατεύσονται
996 2158 1069 2202 ἐπὶ
1094 2158 1168 2216 τὴν
1193 2157 1411 2217 ἡμετέρην,

56 2228 94 2271 εἷ
115 2227 194 2284 χρὴ
222 2227 585 2281 σταθμώσασθαι
610 2235 727 2270 τοῖσι
751 2224 1067 2283 ὑπαργμένοισι
1093 2227 1140 2279 ἐξ
1163 2226 1342 2279 ἐκείνων,
1372 2231 1415 2270 οἳ

55 2296 215 2352 Σάρδις
239 2311 285 2338 τε
313 2294 549 2351 ἐνέπρησαν
574 2297 644 2337 καὶ
676 2292 839 2350 ἤλασαν
872 2294 914 2345 ἒς
944 2293 1018 2350 τὴν
1039 2293 1192 2351 Ἀσίην.
1254 2293 1329 2337 οὐκ
1356 2289 1413 2337 ὦν

57 2362 358 2419 ἐξαναχωρέειν
390 2361 657 2419 οὐδετέροισι
689 2363 881 2413 δυνατῶς
913 2362 1015 2414 ἔχει,
1057 2360 1166 2404 ἀλλὰ
1197 2366 1362 2404 ποιέειν
1387 2361 1413 2418 ἢ

55 2434 221 2472 παθεῖν
247 2433 478 2486 προκέεται
505 2428 632 2484 ἅγιόν,
660 2429 730 2472 ἵνα
756 2428 781 2485 ἢ
806 2430 911 2471 τάδε
936 2429 1080 2471 πάντα
1104 2427 1176 2471 ὑπ’
1196 2426 1368 2484 Ἕλλησι
1388 2427 1413 2484 ἢ

57 2497 196 2541 ἐκεῖνα
222 2496 362 2539 πάντα
390 2495 474 2539 ὑπὸ
500 2500 691 2552 Πέρσῃσι
715 2500 905 2552 γένηται·
942 2495 991 2538 τὸ
1017 2495 1097 2552 γὰρ
1128 2500 1259 2549 μέσον
1291 2492 1413 2538 οὐδὲν

55 2569 130 2621 τῆς
156 2564 315 2620 ἔχθρης
341 2563 443 2606 ἐστί.
482 2562 610 2606 καλὸν
637 2557 695 2605 ὦν
722 2563 1096 2618 προπεπονθότας
1120 2561 1253 2619 ἡμέας
1276 2580 1413 2616 τιμω-

57 2635 168 2689 ρέειν
191 2629 272 2689 ἤδη
303 2635 482 2687 γίνεται,
515 2630 585 2673 ἵνα
614 2632 686 2673 καὶ
716 2630 765 2673 τὸ
799 2629 937 2673 δεινὸν
965 2629 1015 2673 τὸ
1047 2634 1260 2684 πείσομαι
1284 2635 1411 2673 τοῦτο

56 2699 212 2754 μάθω,
241 2698 398 2749 ἐλάσας
425 2697 490 2741 ἐπ’
508 2697 666 2753 ἄνδρας
689 2698 887 2749 τούτους,
920 2697 1020 2748 τούς
1043 2714 1090 2753 γε
1114 2699 1185 2740 καὶ
1209 2699 1362 2752 Πέλοψ
1388 2695 1410 2740 ὁ

62 2767 186 2824 Φρύξ,
215 2766 295 2810 ἒιὺν
315 2769 514 2823 πατέριον
532 2770 616 2809 τιῦν
632 2765 743 2820 ἒμιῦν
764 2766 928 2817 δοῦλος,
956 2764 1279 2823 κατεστρέψατο
1300 2762 1413 2808 οὕτω

1437 1430 1469 1454 11
