1747 3293
453 269 767 305 ΗΡΟΔΟΤΟΥ
795 269 838 304 Ε.
863 267 1008 304 73-75.
1356 258 1411 300 29

53 340 334 396 ποιήσασθαι
359 337 472 395 πρὸς
499 341 688 394 Πέρσας·
715 335 954 394 ἠπιστέατο
985 336 1065 394 γάρ
1093 352 1175 394 σφι
1196 336 1413 380 Λακεδαι-

51 411 227 464 μονίους
250 424 297 450 τε
322 408 393 449 καὶ
418 408 659 460 Κλεομένεα
686 405 1101 459 ἐκπεπολεμῶσθαι.
1140 402 1413 458 ἀπικομένων

53 476 100 519 δὲ
123 479 209 518 τῶν
236 473 424 531 ἀγγέλων
451 474 493 526 ἐς
516 473 594 524 τὰς
618 474 779 530 Σάρδις
803 475 875 516 καὶ
900 474 1108 529 λεγόντων
1138 471 1193 515 τὰ
1220 471 1414 515 ἐντεταλ-

52 547 171 597 μένα,
195 541 477 599 Ἀρταφέρνης
509 540 530 584 ὁ
559 540 818 593 Ὑστάσπεος
841 542 1039 597 Σαρδίων
1069 537 1263 596 ὕπαρχος
1295 539 1415 583 ἐπει-

52 612 173 667 ρώτα
197 614 307 661 τίνες
333 610 473 661 ἐόντες
493 608 726 666 ἅνθρωποι
747 611 818 651 καὶ
836 613 888 664 κῇ
907 612 982 665 γῆς
1002 607 1219 664 οἰκημένοι
1240 608 1413 650 δεοίατο

53 678 253 735 Περσέων
286 679 506 732 σύμμαχοι
541 676 766 733 γενέσθαι,
806 676 1061 729 πυθόμενος
1099 676 1145 718 δὲ
1181 674 1293 730 πρὸς
1329 679 1414 718 τῶν

53 744 242 802 ἀγγέλων
275 744 552 801 ἀπεκορύφου
586 760 667 800 σφι
701 744 825 786 τάδε·
864 742 902 785 εἰ
930 743 1006 796 μὲν
1038 743 1209 786 διδοῦσι
1243 744 1417 797 βασιλέϊ

55 817 226 869 Δαρείῳ
247 811 470 868 Ἀθηναῖοι
493 815 568 867 γῆν
592 827 638 854 τε
662 812 734 853 καὶ
759 808 894 867 ὕδωρ,
928 808 950 853 ὁ
985 811 1031 853 δὲ
1064 814 1304 865 συμμαχίην
1336 826 1417 866 σφι

55 885 321 931 συνετίθετο,
349 879 387 922 εἰ
407 879 453 921 δὲ
471 878 528 935 μὴ
551 879 733 930 διδοῦσι,
763 876 1134 921 ἀπαλλάσσεσθαι
1160 875 1315 928 αὐτοὺς
1330 876 1418 919 ἐκέ-

54 951 163 991 λευε.
213 947 256 990 οἱ
281 948 325 990 δὲ
352 945 524 1002 ἄγγελοι
550 945 623 989 ἐπὶ
649 949 795 1002 σφέων
822 944 962 988 αι’-τῶν
986 946 1221 1000 βαλόμενοι
1247 944 1416 987 διδόναι

56 1016 241 1073 ἔφασαν,
274 1014 531 1069 βουλόμενοι
562 1013 635 1069 την
667 1019 907 1069 συμμαχίην
939 1013 1232 1069 ποιήσασθαι.
1295 1006 1416 1055 οὗτοι
1442 1026 1455 1050 τ

53 1084 130 1138 μὲν
156 1081 205 1139 δὴ
234 1080 505 1132 ἀπελθόντες
531 1080 573 1132 ἐς
598 1080 672 1137 τὴν
699 1080 869 1124 ἑωυτῶν
897 1081 1039 1131 αἰτίας
1063 1081 1253 1136 μεγάλας
1285 1077 1415 1132 εἶχον·

55 1153 295 1206 Κλεομένης
316 1150 361 1192 δὲ
377 1149 663 1202 ἐπιστάμενος
685 1153 999 1205 περιυβρίσθαι
1016 1148 1141 1192 ἔπεσι
1160 1150 1232 1191 καὶ
1253 1147 1417 1204 ’έργοισι

57 1216 379 1273 ὑπ’ἐίθηναίων
406 1218 597 1272 συνέλεγε
625 1215 668 1258 ἐκ
693 1217 838 1273 πάσης
858 1217 1189 1272 Πελοποννήσου
1219 1217 1413 1273 στρατόν,

57 1283 107 1330 οὗ
135 1285 309 1342 φράζων
335 1284 377 1336 ἐς
402 1284 449 1328 τὸ
472 1286 675 1339 συλλέγει,
703 1289 919 1327 τίσασθαί
938 1301 983 1328 τε
1004 1284 1167 1327 ἐθέλων
1186 1283 1260 1327 τὸν
1282 1284 1416 1339 δῆμον

55 1357 142 1396 τῶν
163 1351 400 1408 Ἀθηναίων
426 1354 495 1394 καὶ
516 1350 733 1407 Ἰσαγόρην
763 1353 1025 1406 βουλόμενος
1050 1352 1253 1406 τύραννον
1285 1368 1416 1394 κατα-

58 1425 233 1478 στῆσαι·
261 1422 494 1476 συνεξῆλθε
513 1420 593 1475 γάρ
616 1419 657 1462 οἷ
677 1413 801 1470 οὗτος
822 1419 865 1462 ἐκ
884 1424 957 1476 τῆς
977 1418 1252 1474 ἀκροπόλιος.
1284 1420 1418 1461 Κλεο-

59 1492 185 1544 μένης
209 1505 255 1531 τε
282 1487 331 1543 δη
359 1488 498 1543 στόλῳ
525 1488 695 1543 μεγάλῳ
730 1487 905 1541 ἐσέβαλε
938 1487 979 1537 ἐς
1002 1485 1233 1537 Ἐλευσῖνα,
1273 1487 1345 1528 καὶ
1377 1485 1417 1527 οἳ

57 1557 250 1599 Βοιωτοὶ
293 1553 382 1598 ἀπὸ
429 1555 706 1610 συνθήματος
746 1555 893 1610 Οἰνόην
937 1554 1132 1610 αἱρέουσι
1174 1555 1245 1595 καὶ
1278 1551 1417 1603 Ὑσιὰς

59 1623 223 1679 δήμους
246 1621 347 1672 τοὺς
373 1621 576 1675 ἐσχάτους
602 1626 675 1678 τῆς
696 1619 899 1677 ΔἈττικῆς,
933 1621 1166 1672 Χαλκιδέες
1190 1637 1235 1663 τε
1263 1619 1337 1663 ἐπὶ
1362 1619 1416 1663 τὰ

61 1690 185 1745 (ε’τερα
217 1689 406 1733 ἐσίνοντο
440 1689 633 1740 ἐπιόντες
661 1689 829 1743 χώρους
860 1693 933 1746 τῆς
954 1687 1151 1744 Ἀττικῆς.
1195 1687 1419 1744 Ἀθηναῖοι

59 1757 119 1807 δέ,
147 1762 303 1813 καίπερ
330 1755 569 1813 ἀμφιβολίῃ
598 1755 803 1809 ἐχόλιιενοι,
831 1761 1037 1799 Βοιωτῶν
1061 1757 1137 1810 μὲν
1163 1758 1233 1798 καὶ
1258 1757 1418 1798 Χαλκι-

60 1825 168 1868 δέων
194 1825 420 1881 ἐσύστερον
447 1824 620 1877 ἐζιιελλον
639 1824 804 1880 μνήμην
832 1825 1117 1879 ποιήσεσθαι,
1145 1825 1419 1878 Πελοποννη-

61 1897 199 1935 σίοισι
225 1893 271 1935 δὲ
297 1892 417 1935 ἐοῦσι
444 1891 485 1934 ἐν
506 1889 711 1934 Ἐλευσῖνι
737 1889 862 1934 ἀντία
888 1891 1039 1934 ἔθεντο
1064 1890 1118 1933 τὰ
1144 1887 1273 1934 ὅπλα.
1317 1892 1418 1944 μελ-
1444 1904 1474 1927 ⁷5

61 1960 221 2003 λόντων
248 1960 293 2002 δὲ
319 1960 528 2013 συνάψειν
556 1958 608 2001 τὰ
635 1959 910 2015 στρατόπεδα
937 1958 978 2009 ἐς
1002 1959 1152 2015 μάχην,
1186 1963 1419 2014 Κορίνθιοι

59 2028 137 2081 μὲν
162 2032 332 2083 πρῶτοι
363 2032 491 2083 σφίσι
524 2024 695 2068 αὐτοῖσι
728 2027 873 2077 δόντες
904 2028 1029 2083 λόγον
1062 2025 1120 2077 ὥς
1151 2025 1199 2069 οὗ
1229 2030 1420 2069 ποιέοιεν

61 2094 115 2138 τὰ
148 2095 292 2138 δίκαια
322 2094 632 2149 μετεβάλλοντό
665 2111 709 2136 τε
740 2096 811 2137 καὶ
844 2092 1195 2146 ἀπαλλάσσοντο,
1234 2093 1343 2148 μετὰ
1376 2095 1421 2137 δὲ

62 2162 318 2218 Δημάρητος
344 2160 366 2205 ὃ
389 2159 640 2218 Λἷιῖρίστωνος
672 2161 751 2204 ἐιὺν
782 2164 852 2204 καὶ
885 2156 1010 2213 οὗτος
1040 2161 1245 2216 βασιλεὺς
1270 2170 1419 2218 Σπαρ-

61 2232 257 2285 τιητέων,
297 2231 368 2272 καὶ
400 2230 695 2285 συνεξαγαγών
727 2247 771 2272 τε
802 2229 876 2285 την
903 2229 1105 2286 στρατιὴν
1138 2229 1181 2272 ἐκ
1206 2230 1421 2273 Λακεδαί-

62 2313 192 2351 μονος
216 2298 287 2339 καὶ
313 2295 389 2340 οὐκ
415 2296 494 2339 ἐιὺν
521 2297 732 2353 διάφορος
765 2297 806 2339 ἐν
831 2302 891 2353 τῷ
918 2297 1094 2353 πρόσθε
1122 2298 1261 2354 χρόνῳ
1288 2299 1420 2340 Κλεο-

61 2368 193 2418 μένεϊ.
255 2361 344 2407 ἀπὸ
376 2365 421 2406 δὲ
452 2365 610 2420 ταύτης
640 2369 714 2419 τῆς
747 2365 1023 2421 διχοστασίης
1056 2365 1184 2421 ἐτέθη
1217 2365 1348 2417 νόμος
1380 2365 1421 2407 ἐν

63 2432 245 2487 Σπάρτῃ
277 2431 333 2487 μὴ
366 2431 522 2483 ἐξεῖναι
556 2431 748 2475 ἕπεσθαι
779 2431 1052 2489 ἀμφοτέρους
1083 2432 1181 2483 τοὺς
1217 2431 1422 2486 βασιλέας

66 2497 262 2553 ἐξιούσης
297 2503 370 2554 τῆς
408 2503 628 2554 στρατιῆς·
672 2499 779 2549 τέως
820 2499 899 2555 γὰρ
938 2498 1182 2556 ἀμφότεροι
1224 2500 1420 2542 εἵποντο·

65 2567 394 2619 παραλυομένου
428 2566 471 2607 δὲ
498 2566 659 2607 τούτων
690 2570 765 2607 τοῦ
798 2565 942 2621 ἑτέρου
975 2569 1322 2609 καταλείπεσθαι
1351 2568 1421 2608 καὶ

65 2637 150 2674 τιῦν
180 2632 468 2688 Τυνδαριδέων
493 2631 567 2675 τὸν
594 2632 754 2688 ἕτερον·
792 2632 878 2687 πρὸ
910 2637 984 2675 τοῦ
1015 2632 1095 2691 γὰρ
1123 2633 1172 2690 δη
1204 2636 1275 2676 καὶ
1302 2628 1422 2676 οὗτοι

67 2697 308 2756 ἀμφότεροι
336 2699 558 2754 ἐπίκλητοί
584 2716 664 2756 σφι
691 2699 830 2750 ἐόντες
856 2700 1043 2743 εἵποντο.
1104 2702 1203 2743 τότε
1230 2700 1277 2756 δη
1307 2700 1348 2743 ἐν
1372 2705 1422 2757 τῇ

64 2764 268 2810 Ἐλευσῑνι
295 2765 487 2823 ὁρέοντες
513 2768 554 2810 οἱ
579 2769 730 2811 λοιποὶ
755 2772 839 2810 τιῦν
861 2768 1094 2822 συμμάχων
1113 2771 1213 2820 τούς
1233 2785 1277 2811 τε
1295 2772 1424 2822 βασι-
