1747 3293
233 469 265 494 12

235 1145 267 1171 13

235 1957 267 1982 14

239 2500 270 2526 15

291 243 371 285 112
691 246 1004 282 ΗΡΟΔΟΤΟΥ
1033 246 1079 280 H.
1107 246 1251 282 11—15.

290 319 349 371 ιῦς
372 321 445 362 καὶ
470 318 513 369 ἐς
536 317 638 360 τόδε
665 314 792 358 αὐτοί
815 331 861 358 τε
889 312 1133 372 ὥνθρωποι
1157 318 1229 359 καὶ
1254 314 1278 373 ἦ
1298 320 1350 373 γῆ
1373 314 1513 360 αὐτῶν
1534 314 1654 360 ἐπώ-

287 404 415 442 νυμοι
438 389 516 428 τοῦ
540 386 955 439 καταστρεψαμένου
981 381 1245 427 καλέονται.”

378 457 522 496 Ταῦτα
545 452 622 506 μὲν
648 450 723 494 ἐπὶ
747 455 934 494 τοσοῦτο
961 450 1146 507 ἐλέγετο,
1179 451 1289 506 μετὰ
1321 453 1367 496 δὲ
1393 451 1579 534 εὐφρόνη
1606 467 1652 493 τε

290 521 448 576 ἐγίνετο
474 521 546 562 καὶ
570 520 728 598 Ξέρξην
761 515 939 570 ἔκνιζεε
917 536 941 575 η
963 516 1221 602 Αρταβάνου
1253 520 1420 577 γνώμη·
1457 520 1576 563 νυκτὶ
1608 518 1655 560 δὲ

287 587 446 644 βουλὴν
467 586 614 638 διδοὺς
634 587 776 642 πάγχυ
798 583 967 644 εύρισκέ
987 587 1029 629 οἱ
1049 585 1097 629 οὗ
1119 592 1297 645 πρῆγμα
1317 585 1428 630 εἶναι
1448 585 1655 644 στρατεύ-

290 660 426 699 εσθαι
452 655 526 698 ἐπὶ
550 655 625 712 τὴν
646 653 841 698 Ἑλλάδα.
904 655 1170 711 δεδογμένων
1197 656 1245 698 δέ
1270 655 1312 698 οἱ
1343 648 1466 706 αὖτις
1490 654 1655 697 τούτων

288 723 555 775 κατύπνωσε,
583 725 656 766 καὶ
682 723 732 779 δή
758 739 833 766 κου
862 740 904 765 εν
928 727 979 779 τῆ
1005 725 1123 766 νυκτὶ
1149 721 1236 766 εἶδε
1257 721 1363 779 όψιν
1382 721 1566 779 τοιήνδε,
1596 717 1656 771 ὥς

289 793 458 846 λέγεται
490 789 576 835 ὑπὸ
610 794 824 848 Περσέων.
886 790 1030 834 ἐδόκεε
1061 789 1083 834 5
1116 793 1276 872 Ξέρξης
1313 789 1448 848 ἄνδρα
1480 788 1523 832 οἱ
1559 787 1658 832 ἑπι-

291 860 451 903 στάντα
475 863 607 915 μέγαν
638 876 684 902 τε
715 860 786 901 καὶ
812 856 980 902 εὐειδέα
1006 858 1144 902 εἰπεῖν
1185 857 1311 913 ςμετὰ
1337 857 1388 915 δὴ
1413 856 1654 912 βουλεύεαι,

292 922 325 969 ὦ
345 931 504 984 Πέρσα,
534 928 780 984 στράτευμα
804 925 861 983 μὴ
885 925 1000 982 ἄγειν
1027 925 1102 969 επὶ
1125 925 1200 983 τὴν
1215 925 1408 978 (Ελλάδα,
1436 927 1657 981 προείπας

292 994 451 1048 ἁλίζειν
471 995 664 1052 Πέρσῃσι
687 994 891 1052 στρατόν,·
918 992 1014 1037 ου’τε
1036 987 1094 1036 ὦν
1113 990 1535 1049 μεταβουλευόμενος
1553 1008 1658 1035 ποι-

292 1067 376 1115 έεις
402 1065 460 1115 εὐ,
490 1061 588 1106 ου’τε
615 1061 636 1105 5
665 1062 1017 1119 συγγνωσόμενός
1041 1078 1110 1105 τοι
1135 1062 1277 1119 πάρα·
1305 1059 1393 1104 ἀλλ’
1412 1057 1563 1116 ὥσπερ
1581 1062 1657 1115 τῆς

290 1130 451 1188 ἡμέρης
477 1130 738 1185 εβουλεύσαο
766 1133 946 1182 ποιέειν,
974 1130 1132 1186 ταύτην
1157 1130 1230 1172 ι’θι
1254 1133 1339 1172 τιῦν
1366 1125 1519 1172 ὃδιῦν.”
1581 1124 1656 1170 τὸν

290 1200 366 1253 μὲν
392 1215 529 1241 ταιτα
555 1198 739 1240 είπαντα
766 1196 955 1240 ἓδόκεε“
935 1215 956 1240 O
977 1199 1136 1254 Ξέρξης
1156 1195 1467 1248 ἀποπτάσθαι,
1495 1193 1656 1252 ἡμέρης

293 1268 339 1310 δὲ
365 1265 677 1320 ἐπιλαμψάσης
704 1263 871 1322 ὀνείρου
895 1265 973 1317 μὲν
998 1266 1154 1308 τούτου
1188 1265 1314 1320 λόγον
1347 1263 1501 1307 οὗδένα
1534 1262 1657 1306 ἔποι-

292 1338 397 1385 έετο,
427 1331 450 1375 5
472 1333 518 1375 δὲ
530 1331 731 1387 Περσέων
752 1334 985 1383 συναλίσας
1002 1331 1104 1383 τοὺς
1123 1333 1194 1375 καὶ
1214 1332 1428 1389 πρότερον
1449 1330 1655 1384 συνέλεξε,

292 1401 408 1456 ἔλεγέ
440 1416 521 1456 σφι
550 1400 668 1442 τάδε.
725 1396 909 1455 ((ἒίνδρες
933 1403 1118 1457 Πέρσαι,
1160 1400 1409 1456 συγγνώμην
1439 1415 1517 1454 μοι
1542 1397 1658 1452 ἔχετε

291 1466 362 1512 ὅτι
388 1466 658 1524 ἀγχίστροφα
683 1467 969 1522 βουλεύομαι·
996 1472 1162 1525 φρενῶν
1187 1485 1234 1511 τε
1259 1466 1339 1525 γὰρ
1361 1466 1403 1518 ἒς
1421 1466 1475 1509 τὰ
1496 1466 1659 1521 ἐμεωυ-

290 1541 366 1580 τοῦ
401 1540 557 1593 πρῶτα
589 1533 700 1578 οὔκω
735 1532 896 1591 ἀνήκω,
935 1537 1007 1578 καὶ
1040 1535 1082 1578 οἱ
1114 1535 1488 1593 παρηγορεόμενοι
1518 1533 1657 1577 ἐκεῖνα

291 1608 458 1648 ποιέειν
486 1601 640 1646 οὗδένα
661 1603 814 1660 χρόνον
839 1619 918 1657 μευ
947 1601 1196 1656 ἀπέχονται.
1259 1601 1491 1647 ἀκούσαντι
1510 1605 1660 1657 μέντοι

291 1690 368 1727 μοι
392 1676 468 1729 τῆς
481 1670 740 1729 Ἀρταβάνου
768 1671 940 1728 γνώμης
965 1675 1213 1729 παραυτίκα
1238 1672 1314 1726 μὲν
1340 1668 1364 1728 ἤ
1389 1671 1537 1728 νεότης
1557 1669 1659 1713 έπέ-

292 1741 397 1792 ζεσε,
427 1737 538 1783 ὥστε
565 1736 816 1795 ἀεικέστερα
842 1737 1096 1797 ἀπορρῖψαι
1123 1739 1230 1783 ἔπεα
1251 1739 1293 1791 ἒς
1313 1736 1449 1795 ἄνδρα
1467 1738 1659 1796 πρεσβύ-

290 1824 413 1864 τερον
438 1806 465 1863 ἢ
487 1807 642 1864 χρεών·
675 1811 746 1849 νῦν
771 1810 918 1860 μέντοι
944 1806 1149 1864 συγγνοὺς
1170 1808 1389 1864 χρήσομαι
1418 1811 1471 1864 τῇ
1497 1806 1657 1850 ἐκείνου

290 1875 451 1931 γνώμη.
490 1873 549 1925 ιῦς
575 1869 633 1917 ὦν
658 1874 1025 1930 μεταδεδογμένον
1050 1892 1127 1929 μοι
1151 1873 1208 1930 μὴ
1237 1875 1558 1930 στρατεύεσθαι
1584 1874 1660 1918 ἐπὶ

291 1940 569 1999 τὴνἙλλάδα,
598 1939 751 1998 ἥσυχοι
771 1940 905 1985 ἔστε.”
944 1947 1111 1999 Πέρσαι
1129 1943 1206 1997 μὲν
1227 1940 1286 1993 ὠς
1300 1940 1486 1999 ἤκουσαν
1506 1946 1657 1996 ταῦτα,

292 2010 570 2067 κεχαρηκότες
585 2010 868 2066 προσεκύνεον
879 2023 888 2032 ·
915 2009 1063 2062 νυκτὸς
1078 2011 1124 2053 δὲ
1136 2013 1362 2066 γενομένης
1377 2004 1498 2062 αὖτις
1516 2009 1658 2055 τώυτὸ

292 2076 458 2134 ὄνειρον
490 2077 605 2133 ἔλεγε
635 2082 696 2133 τῷ
728 2076 862 2134 Ξέρξῃ
899 2082 1219 2134 κατυπνωμένῳ
1258 2077 1441 2121 ἐπιστάν
1468 2073 1537 2121 “cg
1574 2088 1663 2123 παῖ

293 2150 492 2201 Δαρείου,
521 2147 593 2188 καὶ
619 2144 669 2201 δὴ
697 2150 878 2201 φαίνεαι
904 2146 945 2189 έν
970 2150 1164 2203 Πέρσῃσί
1186 2163 1233 2189 τε
1259 2144 1561 2202 ἀπειπάμενος
1583 2145 1660 2205 τὴν

295 2216 609 2271 στρατηλασίην
634 2216 705 2256 καὶ
729 2213 784 2256 τὰ
810 2212 891 2268 ἐμὰ
912 2213 1021 2257 ἔπεα
1042 2213 1084 2257 ἒν
1105 2212 1247 2257 οὐδενὶ
1265 2215 1524 2269 ποιεύμενος
1543 2216 1658 2272 λόγῳ

295 2280 353 2333 ὦς
384 2280 485 2339 παρ’
504 2280 677 2332 οὐδενὸς
711 2280 911 2333 ἀκούσας.
974 2276 1020 2325 εὖ
1052 2301 1123 2326 νυν
1147 2281 1373 2326 τόδ’ἴσθι.
1433 2281 1568 2341 ἤνπερ
1599 2283 1658 2340 μὴ

295 2348 447 2392 αὐτίκα
474 2351 807 2406 στρατηλατέῃς,
840 2350 946 2392 τάδε
970 2366 1041 2393 τοι
1067 2349 1113 2402 ἐξ
1136 2348 1278 2393 αὐτῶν
1310 2347 1561 2406 ἀνασχήσει·
1600 2348 1660 2402 ὥς

293 2419 366 2460 καὶ
389 2417 523 2473 μέγας
551 2420 624 2460 καὶ
655 2417 818 2469 πολλὸς
850 2416 988 2474 ἐγένεο
1021 2417 1063 2461 έν
1095 2416 1225 2474 ὀλίγῳ
1255 2418 1413 2474 χρόνῳ,
1449 2415 1560 2461 οὕτω
1586 2420 1660 2462 καὶ

295 2485 501 2537 ταπεινὸς
527 2484 671 2529 ὀπίσω
697 2485 807 2529 κατὰ
831 2486 961 2540 τάχος
981 2484 1138 2529 ὲ’σεαι.”
1177 2487 1337 2543 Ξέρξης
1355 2486 1431 2540 μὲν
1457 2485 1659 2544 περιδεὴς

294 2555 519 2611 γενόμενος
542 2559 594 2612 τῇ
620 2552 705 2610 ὄψι
731 2552 812 2598 ἀνά
836 2571 882 2597 τε
908 2553 1066 2612 έδραμε
1098 2553 1142 2596 ἐκ
1165 2558 1241 2611 τῆς
1271 2557 1415 2610 κοίτης
1445 2556 1518 2597 καὶ
1546 2557 1660 2609 πέμ-

295 2639 372 2666 πει
405 2620 580 2678 ἄγγελον
613 2621 687 2665 ἐπὶ
713 2620 970 2680 Ἀρτάβανον
1005 2621 1264 2678 [καλέοντα]
1327 2619 1576 2678 ἀπικομένῳ
1611 2620 1660 2665 δέ

298 2690 340 2732 οἳ
365 2689 479 2745 ἔλεγε
499 2691 658 2746 Ξέρξης
682 2690 800 2733 τάδε.
834 2687 1101 2747 (Ἴίρτάβανε,
1130 2689 1212 2745 ἐγὼ
1238 2688 1288 2732 τὸ
1315 2693 1563 2747 παραυτίκα
1580 2690 1657 2744 μὲν

298 2755 374 2798 οὐκ
405 2755 607 2814 ἐφρόνεον
639 2758 767 2809 εἴπας
799 2757 841 2808 ἒς
873 2759 921 2800 σὲ
950 2758 1117 2812 μάταια
1149 2757 1257 2801 ἔπεα
1283 2762 1468 2816 χρηστῆς
1504 2757 1656 2800 εἵνεκεν
