1747 3293
221 604 251 628 31

275 242 358 284 258
686 246 998 282 HPOAOTOT
1027 246 1056 280 Ι.
1084 246 1230 281 30-32,

278 321 469 363 δέουσαι.
526 316 601 360 σὺν
629 317 674 359 δὲ·
702 314 922 359 Θεσπιέων
948 324 1064 358 τοῖσι
1089 319 1306 371 παρεοῦσι
1331 313 1642 371 ἐξεπληροῦντο

279 387 325 430 αἱ
356 386 503 429 ἕνδεκα
532 384 754 441 μυριάδες.
816 387 1017 439 παρῆσαν
1047 381 1128 438 γὰρ
1160 384 1230 425 καὶ
1259 385 1479 426 Θεσπιέων
1510 380 1551 425 ἐν
1581 386 1642 438 τῷ

279 452 561 508 στρατοπέδῳ
597 451 639 494 οἱ
669 451 933 506 περιεόντες,
967 448 1162 505 ἀριθμὸν
1194 449 1236 501 ἒς
1269 448 1548 500 ὀκτακοσίους
1572 450 1645 492 καὶ

277 524 461 574 χιλίους·
494 516 612 563 ὅπλα
639 520 685 561 δὲ
712 517 806 561 οὐδ’
825 512 948 561 οὗτοι
973 516 1100 570 εἶχον.

366 582 492 632 Οὗτοι
517 591 594 641 μέν
620 605 690 630 νυν
715 590 948 640 ταχθέντες
981 585 1055 629 ἐπὶ
1085 590 1146 642 τῷ
1167 584 1350 642 Ἀσωπῷ
1382 585 1645 641 ἐστρατοπε-

279 658 467 707 δεύοντο,
497 655 539 699 οἱ
565 653 604 697 δ’
623 653 738 711 ἀμφὶ
757 654 1003 711 Μαρδόνιον
1026 654 1244 711 βάρβαροι
1265 651 1323 704 (ὗς
1348 651 1648 709 ἀπεκήδευσαν

279 728 535 775 Μασίστιον,
569 727 783 780 παρῆσαν,
823 722 1076 776 πυθόμενοι
1105 720 1207 772 τοὺς
1227 718 1432 777 Ἕλληνας
1463 718 1574 763 εἶναι
1606 719 1648 762 ἐν

281 795 538 849 Πλαταιῇσι,
566 793 638 834 καὶ
664 789 787 834 αὐτοὶ
816 790 889 834 ἐπὶ
914 790 988 834 τὸν
1004 788 1200 834 Ἄσωπὸν
1223 788 1297 832 τὸν
1322 789 1456 846 ταύτῃ
1483 789 1647 844 ῥέοντα.

283 860 540 914 ἀπικόμενοι
573 860 619 902 δὲ
650 856 964 902 ἀντετάσσοντο
998 853 1083 901 ὦδε
1114 856 1202 901 ὑπὸ
1234 857 1503 912 Μαρδονίου·
1541 854 1650 898 κατὰ

281 930 357 984 μὲν
381 928 753 981 Λακεδαιμονίους
779 926 931 983 ἔστησε
960 926 1139 981 Πέρσας.
1200 927 1272 967 καὶ
1304 923 1354 982 δὴ
1380 922 1543 967 πολλὸν
1568 922 1650 978 γὰρ

283 1001 496 1053 περιῆσαν
528 995 696 1051 πλήθεϊ
727 994 769 1037 οἷ
803 998 984 1051 Πέρσαι,
1021 994 1096 1036 ἐπί
1125 1010 1170 1036 τε
1201 994 1324 1045 τάξις
1349 994 1536 1043 πλεῦνας
1563 991 1651 1034 ἐκε-

283 1063 498 1118 κοσμέατο
535 1065 608 1105 καὶ
645 1062 817 1116 ἐπεῖχον
853 1062 954 1114 τοὺς
990 1062 1209 1118 Τεγεήτας.
1277 1061 1396 1113 ἔταξε
1435 1061 1481 1103 δὲ
1519 1056 1652 1102 οὕτω·

285 1130 310 1175 ὅ
340 1150 384 1176 τι
420 1133 495 1185 μὲν
531 1125 579 1187 ἧν
617 1129 749 1173 αὐτοῦ
789 1130 1089 1173 δυνατώτατον
1126 1134 1213 1172 πᾶν
1251 1127 1468 1180 ἀπολέξας
1499 1127 1651 1182 ἔστησε

286 1199 428 1242 ἀντίον
449 1199 816 1254 Λακεδαιμονίων,
838 1197 887 1240 τὸ
909 1198 955 1240 δὲ
975 1196 1293 1253 ἀσθενέστερον
1310 1197 1526 1252 παρέταξε
1544 1192 1654 1236 κατὰ

284 1267 384 1318 τοὺς
414 1267 633 1322 Τεγεήτας.
694 1270 830 1309 ταῦτα
857 1261 897 1307 δ’
915 1264 1060 1307 ἐποίεε
1087 1265 1338 1321 φραζόντων
1362 1280 1408 1306 τε
1433 1265 1502 1306 καὶ
1531 1263 1654 1305 διδα-

287 1337 474 1378 σκόντων
502 1337 712 1388 Θηβαίων.
762 1336 962 1389 Περσέων
989 1333 1035 1375 δὲ
1061 1331 1287 1386 ἐχομένους
1312 1331 1433 1384 ἔταξε
1458 1331 1653 1387 Μήδους·

288 1397 410 1445 οὗτοι
447 1402 493 1444 δὲ
530 1400 712 1455 ἐπέσχον
748 1403 1016 1456 Κορινθίους
1056 1417 1102 1442 τε
1138 1401 1212 1442 καὶ
1247 1399 1541 1456 Ποτιδαιήτας
1582 1399 1655 1440 καὶ

282 1470 570 1527 Ὀρχομενίους
605 1486 652 1512 τε
688 1471 759 1512 καὶ
795 1472 1069 1519 Σικυωνίους.
1135 1468 1296 1524 Μήδων
1340 1469 1386 1511 δὲ
1429 1466 1655 1521 εχομένους

288 1540 410 1591 εταξε
434 1542 692 1592 Βακτρίους·
732 1553 854 1580 ουτοι
886 1537 932 1579 δὲ
964 1535 1145 1589 ἔτέσχον
1173 1534 1477 1592 Ἐπιδαυρίους
1507 1552 1552 1578 τε
1584 1536 1655 1577 καὶ

292 1607 564 1663 Τροιζηνίους
589 1607 659 1648 καὶ
685 1605 942 1662 Λεπρεήτας
966 1621 1013 1647 τε
1038 1606 1109 1647 καὶ
1139 1607 1396 1660 Τιρυνθίους
1421 1605 1491 1646 καὶ
1510 1610 1657 1659 Μυκη--

287 1680 435 1726 ναίους
477 1690 524 1717 τε
568 1675 638 1716 καὶ
679 1675 927 1724 Φλιασίους.
987 1671 1098 1727 μετὰ
1141 1673 1187 1714 δὲ
1221 1675 1461 1728 Βακτρίους
1505 1671 1657 1727 ἔστησε

283 1742 460 1794 Ἰνδούς’
490 1735 611 1785 οὗτοι
636 1742 681 1784 δὲ
707 1741 888 1795 ἐπέσχον
903 1738 1150 1797 Ἑρμιονέας
1173 1756 1220 1783 τε
1244 1741 1316 1782 καὶ
1332 1737 1567 1797 Ἐρετριέας
1585 1740 1658 1781 καὶ

289 1814 479 1867 Στυρέας
509 1826 555 1852 τε
584 1812 655 1853 καὶ
688 1810 942 1859 Χαλκιδέας.
1000 1806 1139 1852 Ἰνδῶν
1177 1808 1223 1851 δὲ
1259 1806 1485 1862 ἐχομένους
1514 1807 1659 1857 Σάκας

291 1880 429 1931 ἔταξε,
472 1881 515 1921 οἳ
547 1877 730 1931 ἐπέσχον
750 1875 1070 1934 Ἀμπρακιήτας
1099 1893 1146 1919 τε
1176 1878 1248 1919 καὶ
1269 1874 1563 1930 Ἀνακτορίους
1586 1876 1659 1917 καὶ

290 1947 559 1996 Λευκαδίους
583 1948 652 1988 καὶ
674 1947 845 1996 Παλέας
864 1947 935 1987 καὶ
954 1944 1202 2000 Αἰγινήτας.
1247 1947 1419 1987 Σακέων
1440 1944 1486 1986 δὲ
1512 1943 1660 1997 ἔχομέ-

291 2032 390 2066 νους
417 2014 537 2066 ε’ταξε
563 2011 688 2056 ἀντία
709 2011 949 2069 Αθηναίων
973 2029 1019 2055 τε
1043 2014 1113 2054 καὶ
1140 2013 1393 2055 Πλαταιέων
1418 2013 1491 2053 καὶ
1515 2019 1659 2067 Μεγα-

294 2088 401 2140 ρέων
426 2081 651 2132 Βοιωτούς
681 2098 727 2124 τε
758 2098 828 2123 και
852 2079 1049 2136 Λοκροῖς
1079 2082 1150 2122 καὶ
1175 2081 1368 2159 Μηλιέας
1397 2081 1469 2122 καὶ
1497 2085 1660 2123 Θεσσα-

293 2150 394 2202 λοὺς
423 2152 495 2193 καὶ
530 2153 710 2193 Φωκέων
740 2148 842 2200 τοῖς
869 2145 1159 2202 χιλίους.οὖ
1191 2165 1272 2204 γαρ
1305 2149 1363 2190 ιῦν
1396 2144 1586 2197 ἅπαντες
1618 2146 1661 2189 οἱ

298 2222 465 2269 Φωκέες
484 2217 704 2273 έιιήδισαν,
728 2215 837 2260 ἀλλά
856 2233 968 2268 τινες
988 2214 1129 2259 αὗτιῦν
1148 2217 1220 2258 καὶ
1238 2233 1292 2258 τα
1306 2213 1511 2272 Ελλήνων
1533 2216 1662 2268 αὐξον

295 2304 399 2344 περι
410 2303 485 2329 τον
498 2294 617 2342 Παρτ
622 2302 752 2342 ησσον
772 2287 1080 2341 κατειλημένοι,
1102 2301 1171 2326 και
1195 2282 1391 2326 ἐνθεῦτεν
1406 2281 1662 2339 οριιεόιιενοι

299 2355 454 2412 έφερόν
478 2370 525 2397 τε
549 2355 619 2396 καὶ
648 2355 747 2409 ἦγον
776 2353 853 2409 τήν
877 2369 922 2396 τε
948 2352 1197 2407 Μαρδονίου
1231 2350 1433 2408 στρατιὴν
1464 2353 1535 2394 καὶ
1561 2350 1663 2402 τοὺς

297 2426 384 2477 μετ’
406 2420 536 2465 αυτοῦ
564 2422 712 2472 εόντας
732 2416 952 2477 Ἑλλήνων.
1014 2420 1136 2472 εταξε
1168 2420 1213 2462 δε
1244 2421 1315 2461 καὶ
1340 2419 1593 2470 Μακεδόνας
1616 2436 1663 2462 τε

299 2493 371 2533 καὶ
390 2490 492 2542 τοὺς
510 2492 612 2546 περὶ
634 2490 869 2545 Θεσσαλίην
889 2489 1139 2545 οἰκημένους
1156 2486 1265 2530 κατὰ
1284 2484 1660 2544 τοὺςὲίθηναίους.

262 2574 276 2597 2
301 2563 437 2603 ταῦτα
461 2558 537 2612 μὲν
561 2561 647 2600 τιῦν
679 2557 841 2600 ἐθνέων
871 2555 925 2600 τὰ
954 2560 1137 2612 μέγιστα
1170 2553 1435 2609 οὖνὸμασται
1464 2559 1550 2598 τιῦν
1574 2553 1662 2597 ὑπὸ

300 2627 548 2682 Μαρδονίου
585 2629 845 2679 ταχθέντων,
884 2624 1023 2681 τάπερ
1062 2623 1389 2681 ἐπιφανέστατά
1425 2640 1472 2666 τε
1507 2617 1557 2679 ἦν
1592 2622 1663 2664 καὶ

303 2695 430 2749 λόγου
468 2695 690 2737 πλείστου.
759 2692 910 2748 ἐνῆσαν
947 2693 994 2735 δὲ
1030 2694 1101 2735 καὶ
1139 2691 1278 2734 ἄλλων
1315 2691 1477 2734 ἐθνέων
1514 2687 1665 2746 ἄνδρες

304 2762 650 2818 ἀναμεμιγμένοι,
683 2765 857 2819 Φρυγῶν
882 2777 927 2804 τε
952 2760 1022 2803 καὶ
1046 2763 1235 2817 Θρηΐκιον
1260 2762 1329 2802 καὶ
1350 2764 1509 2803 Μυσῶν
1528 2776 1573 2802 τε
1593 2760 1664 2801 καὶ

1723 799 1734 833 ⁹·-
1725 743 1733 765 ’'⁴
1724 549 1739 699 Q-W
1722 376 1735 511 *U-Q-
1730 343 1736 362 .,
