1747 3293
169 472 199 496 61

228 245 310 286 130
624 250 938 287 ΗΡΟΔΟΤΟΥ
967 249 1014 284 Η.
1041 249 1185 284 60-63.

228 320 478 380 δομημένον,
505 319 629 377 μέχρι
656 314 706 362 οὗ
731 318 899 369 πάντας
924 317 1064 374 τούτῳ
1090 322 1151 374 τῷ
1176 317 1328 375 τρόπῳ
1356 317 1591 375 ἐξηρίθμη-

226 406 317 434 σαν.
369 387 693 444 ἀριθμήσαντες
719 387 765 429 δὲ
789 385 897 428 κατὰ
924 385 1055 429 ἔθνεα
1082 384 1322 428 διέτασσον.

313 456 362 500 Οἱ
382 456 427 498 δὲ
449 454 782 512 στρατευόμενοι
802 453 894 496 οἵδε
913 447 1034 510 ἦσαν,
1060 452 1227 510 Πέρσαι
1246 453 1321 507 μὲν
1343 447 1427 496 ὦδε
1447 451 1592 496 ἐσκευ-

226 526 418 578 ασμένοι,
480 524 582 579 περὶ
606 522 682 576 μὲν
706 525 808 577 τῇσι
833 523 1048 578 κεφαλῇσι
1074 518 1186 574 εἶχον
1211 520 1363 576 τιήρας
1386 521 1592 573 καλεομέ-

224 608 323 642 νους
353 592 510 640 πίλους
541 588 756 645 ἀπαγέας,
796 590 898 645 περὶ
930 588 976 631 δὲ
1005 587 1055 631 τὸ
1083 592 1210 642 σιῦμα
1243 591 1437 638 κιθῶνας
1457 603 1592 643 χειρι-

227 657 392 709 δωτοὺς
429 659 673 709 ποικίλους,
712 657 891 707 λεπίδος
928 655 1127 712 σιδηρέης
1164 653 1270 711 ὄψιν
1308 655 1590 709 ἰχθυοειδέος,

226 727 326 782 περὶ
362 726 407 769 δὲ
436 723 491 768 τὰ
523 724 675 768 σκέλεα
707 722 982 781 ἀναξυρίδας,
1018 722 1113 766 ἀντὶ
1140 724 1185 766 δὲ
1212 721 1413 766 ἀσπίδιον
1442 721 1592 780 γέρρα·

227 792 315 837 ὕπὸ
343 794 389 836 δὲ
414 797 710 850 φαρετρεῶνες
737 791 986 848 ἐκρέμαντο·
1015 789 1171 846 αἰχμὰς
1197 791 1243 834 δὲ
1261 789 1447 847 βραχέας
1466 787 1590 843 εἶχον,

228 862 333 914 τόξα
361 861 405 904 δὲ
429 861 614 917 μεγάλα,
649 857 821 911 ὀϊστοὺς
854 860 900 902 δὲ
930 861 1208 913 καλαμίνους,
1242 857 1354 915 πρὸς
1385 858 1431 900 δὲ
1462 856 1594 913 ἔγχει-

229 930 347 986 ρίδια
362 927 483 986 παρὰ
503 927 577 972 τὸν
593 926 732 980 δεξιὸν
751 926 886 985 μηρὸν
903 927 1269 984 παραιωρεύμενα
1289 926 1333 970 ἐκ
1351 930 1426 982 τῆς
1446 925 1593 982 ζώνης.

231 998 301 1039 καὶ
334 994 518 1053 ἄρχοντα
548 999 806 1051 παρείχοντο
834 993 1001 1052 Ὀτάνην
1037 994 1111 1038 τὸν
1137 992 1390 1051 Ἀμήστριος
1425 996 1595 1048 πατέρα

229 1069 304 1121 τῆς
323 1066 490 1121 Ξέρξεω
516 1064 726 1120 γυναικός.
771 1063 993 1107 ἐκαλέοντο
1022 1063 1068 1105 δὲ
1086 1062 1227 1106 πάλαι
1247 1060 1334 1105 ὑπὸ
1360 1062 1436 1116 μὲν
1456 1059 1597 1116 Ἑλλή-

230 1149 312 1175 νων
337 1136 552 1189 Κηφῆνες,
587 1130 674 1175 ὑπὸ
699 1135 847 1186 μέντοι
873 1134 1018 1188 σφέων
1044 1128 1185 1173 αὐτῶν
1215 1131 1287 1172 καὶ
1316 1134 1401 1173 τῶν
1426 1131 1597 1186 περιοί-

230 1217 314 1243 κων
341 1199 541 1254 Ξίρταῖοι.
603 1198 699 1242 ἐπεὶ
737 1199 782 1241 δὲ
818 1197 1008 1256 Περσεὺς
1046 1196 1068 1241 5
1100 1198 1272 1254 Δανάης
1306 1214 1354 1240 τε
1389 1198 1461 1239 καὶ
1491 1194 1597 1246 Διὸς

233 1265 412 1310 ἀπίκετο
439 1265 560 1323 παρὰ
584 1265 739 1323 Κηφέα
762 1264 836 1309 τὸν
860 1266 1003 1322 Βήλου
1030 1267 1101 1308 καὶ
1132 1265 1227 1319 ἔσχε
1254 1263 1387 1308 αὐτοῦ
1412 1263 1487 1320 τὴν
1512 1267 1598 1306 θυ-

230 1334 389 1390 γατέρα
409 1332 699 1389 Ἀνδρομέδην,
727 1338 890 1389 γίνεται
916 1332 1032 1389 αὐτῷ
1059 1341 1166 1384 παῖς
1190 1337 1251 1389 τῷ
1278 1329 1442 1387 οὕνομα
1468 1331 1596 1374 ἔθετο

230 1401 410 1458 Πέρσην,
437 1405 591 1444 τοῦτον
619 1401 665 1443 δὲ
685 1398 818 1444 αύτοῦ
839 1402 1114 1444 καταλείπει·
1142 1399 1341 1457 ἐτύγχανε
1359 1399 1439 1457 γὰρ
1461 1397 1598 1450 ἄπαις

235 1467 315 1512 ἒιὺν
342 1467 363 1511 5
390 1467 565 1526 Κηφεὺς
591 1468 760 1525 ἔρσενος
784 1468 926 1525 γόνου.
982 1468 1056 1512 ἐπὶ
1079 1468 1233 1512 τούτου
1261 1469 1308 1511 δὲ
1331 1467 1406 1524 τὴν
1432 1467 1599 1511 ἐπωνυ-

177 1550 209 1575 62
233 1541 332 1593 μίην
354 1536 487 1590 ἔσχον.
525 1537 668 1593 Μῆδοι
688 1537 734 1579 δὲ
753 1535 828 1593 τὴν
848 1535 976 1593 αύτην
996 1536 1153 1592 ταύτην
1174 1535 1427 1591 ἐσταλμένοι
1447 1534 1599 1592 ἐστρα-

232 1605 426 1648 τεύοντο·
460 1603 627 1661 Μηδικὴ
653 1604 733 1660 γάρ
761 1601 867 1661 αῧτη
893 1602 918 1661 ἢ
946 1604 1071 1660 σκευή
1099 1602 1191 1647 ἔστι
1215 1605 1288 1646 καὶ
1314 1601 1363 1647 οὗ
1389 1602 1598 1659 Περσική·

235 1673 277 1716 οἱ
314 1673 359 1715 δὲ
394 1672 539 1729 Μῆδοι
577 1670 761 1728 ἄρχοντα
797 1672 873 1727 μὲν
917 1675 1174 1728 παρείχοντο
1216 1671 1421 1728 Τιγράνην
1465 1669 1600 1729 ἄνδρα

230 1740 538 1797 ᾍχαιμενίδην,
578 1739 801 1783 ἐκαλέοντο
841 1740 887 1783 δὲ
922 1740 1065 1783 πάλαι
1100 1738 1214 1796 πρὸς
1249 1740 1425 1783 πάντων
1452 1737 1597 1797 Ἄριοι,

237 1806 500 1864 ἀπικομένης
527 1808 573 1851 δὲ
591 1808 782 1865 Μηδείης
806 1812 881 1864 τῆς
900 1808 1110 1861 Κολχίδος
1136 1806 1182 1860 ἒξ
1194 1805 1407 1863 Ἀθηνέων
1434 1806 1476 1859 ἒς
1499 1806 1601 1858 τοὺς

233 1875 396 1933 ᾏρίους
426 1876 607 1926 τούτους
636 1876 870 1930 μετέβαλον
903 1877 974 1918 καὶ
1008 1869 1128 1920 οὗτοι
1159 1874 1208 1918 τὸ
1236 1873 1413 1930 οὕνομα.
1476 1873 1602 1919 αὐτοὶ

239 1945 284 1987 δὲ
309 1945 411 2000 περὶ
437 1931 589 2001 σφέωιῗ
610 1937 695 1986 ὦδε
720 1945 893 1999 λέγουσι
911 1943 1068 2000 Μῆδοι.
1105 1946 1283 1987 Κίσσιοι
1304 1943 1351 1986 δὲ
1370 1943 1603 2001 στρατευό-

237 2027 356 2066 μενοι
382 2009 436 2053 τὲι
460 2011 537 2065 μὲν
563 2008 672 2053 ἄλλα
697 2011 891 2066 κατάπερ
917 2014 1083 2067 Πέρσαι
1116 2009 1396 2063 ἐσκευάδατο,
1437 2009 1530 2054 ἀντὶ
1557 2011 1603 2054 δὲ

237 2084 322 2138 τςῦν
347 2080 487 2122 πίλων
511 2079 777 2135 μιτρηφόροι
802 2072 919 2134 ἦσαν.
968 2082 1161 2122 Κισσίων
1188 2079 1233 2121 δὲ
1259 2073 1358 2135 ἦρχε
1378 2076 1601 2136 ᾍνάφηςὸ

233 2145 423 2191 Ὀτάνεω.
457 2144 662 2202 Ὑρκάνιοι
683 2147 729 2189 δὲ
752 2146 944 2203 κατάπερ
959 2150 1124 2203 Πέρσαι
1139 2145 1387 2199 ἐσεσάχατο,
1414 2144 1604 2203 ἡγεμόνα

238 2215 529 2272 παρεχόμενοι
552 2214 814 2270 Μεγάπανον
844 2213 918 2258 τὸν
942 2215 1203 2269 Βαβυλῶνος
1234 2211 1413 2271 ὕστερον
1437 2214 1603 2258 τούτων

183 2295 214 2320 63
241 2281 631 2340 ἐπιτροπεύσαντα.
682 2280 901 2339 ,Ἀσσύριοι
933 2282 979 2325 δὲ
1017 2282 1352 2338 στρατευόμενοι
1389 2284 1492 2339 περὶ
1527 2283 1604 2337 μὲν

238 2354 338 2406 τῇσι
368 2352 582 2407 κεφαλῇσι
613 2347 725 2403 εἶχον
759 2350 920 2403 χάλκεά
957 2366 1003 2392 τε
1033 2350 1191 2407 κράνεα
1225 2352 1298 2392 καὶ
1328 2351 1604 2405 πεπλεγμένα

239 2418 405 2473 τρόπον
434 2417 530 2461 τινὰ
559 2417 780 2474 βάρβαρον
813 2415 889 2461 οὔκ
921 2415 1202 2474 εὐαπήγητον,
1238 2416 1431 2469 ἀσπίδας
1462 2418 1606 2460 δὲκαὶ

241 2484 397 2539 αἰχμὰς
438 2487 510 2528 καὶ
554 2484 786 2541 ἐγχειρίδια
827 2486 1118 2542 παραπλήσια
1160 2494 1277 2529 τοῖσι
1317 2485 1606 2541 Αἰγυπτίοισι

241 2551 370 2607 εἶχον,
410 2552 521 2610 πρὸς
559 2554 602 2596 δὲ
641 2553 815 2610 ῥόπαλα
853 2554 987 2606 ξύλων
1024 2552 1295 2608 τετυλωμένα
1333 2550 1495 2609 σιδήρῳ
1533 2553 1606 2595 καὶ

240 2620 405 2677 λινέους
431 2622 650 2678 θώρηκας.
713 2614 836 2664 οὗτοι
863 2622 908 2664 δὲ
933 2619 1021 2665 ὑπὸ
1046 2622 1122 2676 μὲν
1145 2619 1348 2678 Ἑλλήνιον
1381 2619 1603 2663 ἐκαλέοντο

239 2689 404 2744 Σύριοι,
428 2687 514 2733 ὑπὸ
538 2690 583 2733 δὲ
601 2694 686 2733 τῶν
704 2690 936 2745 βαρβάρων
952 2688 1170 2745 Ἀσσύριοι
1189 2689 1445 2746 ἐκλήθησαν.
1487 2688 1605 2745 [τού-

240 2773 323 2799 των
362 2757 407 2799 δὲ
442 2757 600 2812 μεταξὺ
634 2757 885 2815 Χαλδαῖοι].
947 2752 1045 2816 ἦρχε
1083 2759 1131 2802 δέ
1167 2774 1313 2816 σφεων
1339 2755 1549 2814 Ὀτάσπης
1579 2753 1602 2799 5
