1747 3293
502 267 815 303 ΗΡΟΔΟΤΟΥ
843 268 890 303 Η.
915 269 1060 304 91-96.
1378 260 1458 302 137

102 335 324 392 ἀγχοτάτω
350 339 450 392 τῇσι
467 335 735 394 Αἰγυπτίῃσι
759 341 995 394 μαχαίρῃσι
1014 340 1301 393 πεποιημένα.
1340 331 1461 381 οὗτοι

100 404 176 457 μὲν
200 401 250 445 τὸ
275 401 466 445 παλαιὸν
486 400 708 456 Ὑπαχαιοὶ
733 403 974 457 ἐκαλέοντο,
1009 404 1084 448 ἐπὶ
1109 405 1156 448 δὲ
1179 407 1354 457 Κίλικος
1382 410 1459 449 τοῦ

96 468 318 525 ἒίγήνορος
349 466 505 527 ἀνδρὸς
533 475 728 522 Φοίνικος
761 471 882 526 ἔσχον
912 472 986 528 τὴν
1018 471 1275 528 ἐπωνυμίην.
1335 472 1460 527 Πάμ-

102 538 234 618 φυλοι
259 536 306 579 δὲ
329 536 557 594 τριήκοντα
582 543 838 595 παρείχοντο
866 543 963 590 νέας
977 537 1257 622 Ἑλληνικοῖσι
1282 536 1461 583 ὅπλοισι

102 603 426 658 ἐσκευασμένοι·
465 605 507 647 οἱ
533 605 579 648 δὲ
606 606 839 662 Πάιιφυλοι
865 600 986 650 οὗτοι
1011 606 1094 650 εἶσὶ
1119 611 1205 650 τῶν
1237 605 1281 650 ἐκ
1308 611 1460 664 Τροίης

103 669 570 714 ἀποσκεδασθέντων(
549 689 640 726 αμα
661 670 905 729 Αμφιλόχῳ
930 675 1003 716 καὶ
1026 674 1255 727 Κάλχαντι.
1303 675 1460 718 Λύκιοι

103 738 148 780 δὲ
181 742 438 795 παρείχοντο
469 741 566 789 νέας
598 755 861 795 πεντηκοντα
891 738 1208 798 θωρηκοφόροι
1242 757 1288 783 τε
1319 741 1460 792 ἐόντες

101 807 173 848 καὶ
203 806 536 863 κνημιδοφόροι,
576 804 687 859 εἶχον
725 806 771 848 δὲ
805 805 911 858 τόξα
945 811 1143 863 κρανέϊνα
1177 809 1250 850 καὶ
1287 806 1460 858 ὀϊστοὺς

100 874 360 926 καλαμίνους
384 871 601 929 ἀπτέρους
625 875 697 915 καὶ
722 870 917 925 ἀκόντια,
952 873 1026 916 ἐπὶ
1052 874 1098 916 δὲ
1123 873 1245 928 αἰγὸς
1271 874 1462 930 δέρματα

102 941 204 996 περὶ
238 938 341 989 τοὺς
377 937 523 992 ὤμους
559 939 844 996 αἷωρεόμενα,
889 942 991 997 περὶ
1031 941 1077 983 δὲ
1112 944 1212 996 τῇσι
1247 943 1461 997 κεφαλῇσι

101 1008 256 1056 πίλους
281 1014 483 1061 πτεροῖσι
512 1006 1015 1063 περιεστεφανωμένους·
1054 1004 1286 1063 ἐγχειρίδια
1312 1008 1357 1050 δὲ
1388 1010 1461 1050 καὶ

105 1073 296 1129 δρέπανα
321 1071 447 1126 εἶχον.
490 1074 647 1117 Λύκιοι
673 1074 719 1116 δὲ
748 1076 952 1131 Τερμίλαι
977 1074 1199 1118 ἐκαλέοντο
1226 1073 1270 1117 ἐκ
1293 1074 1461 1131 Κρήτης

101 1141 332 1196 γεγονότες,
361 1139 436 1184 ἐπὶ
462 1141 508 1183 δὲ
531 1141 675 1184 Λύκου
701 1146 777 1184 τοῦ
797 1142 1036 1192 Πανδίονος
1062 1140 1216 1197 ἀνδρὸς
1230 1139 1459 1198 Ἀθηναίου

102 1207 224 1261 ἔσχον
248 1206 322 1264 τήν
349 1206 607 1264 ἐπωνυμίην.
662 1212 850 1265 Δωριέες
876 1209 919 1252 δὲ
948 1209 990 1251 οἱ
1015 1208 1059 1252 ἐκ
1083 1212 1157 1265 τῆς
1179 1206 1319 1265 Ξίσίης
1342 1210 1460 1265 τριή-

101 1292 230 1319 κοντα
254 1279 511 1331 παρείχοντο
536 1279 645 1327 νέας,
674 1276 838 1329 ἔχοντές
858 1293 903 1319 τε
918 1274 1136 1332 Ἑλληνικὰ
1162 1274 1280 1320 ὅπλα
1303 1279 1374 1320 καὶ
1393 1293 1460 1331 γε-

103 1343 276 1398 γονότες
301 1340 391 1385 ἀπὸ
412 1343 758 1398 Πελοποννήσου.
797 1347 936 1398 Καρες
963 1344 1009 1386 δὲ
1034 1343 1325 1400 ἑβδομήκοντα
1349 1361 1462 1400 παρ-

106 1414 269 1462 είχοντο
294 1413 409 1461 νέας,
442 1409 497 1452 τὰ
521 1410 596 1463 μὲν
622 1408 731 1452 ἄλλα
761 1411 954 1467 κατάπερ
970 1408 1164 1467 Ἕλληνες
1196 1410 1459 1465 ἐσταλμένοι,

104 1474 215 1529 εἶχον
247 1477 292 1519 δὲ
323 1479 395 1519 καὶ
427 1477 619 1533 δρέπανα
649 1479 721 1520 καὶ
757 1477 1002 1556 ἐγχειρίδια.
1064 1479 1185 1521 οὑτοι
1223 1479 1270 1521 δὲ
1307 1478 1461 1528 οίτινες

103 1544 314 1598 πρότερον
329 1543 608 1596 ἐκαλέοντο,
591 1563 631 1588 εν
651 1553 768 1588 τοῖσι
787 1545 1005 1601 πρώτοισι
1023 1549 1108 1588 τιῦν
1127 1545 1265 1600 λόγων
1279 1546 1457 1601 εἴρηται.

94 1608 234 1662 Ἴωνες
266 1611 312 1654 δὲ
344 1611 494 1655 ἑκατὸν
523 1615 621 1663 νέας
657 1616 914 1667 παρείχοντο
947 1611 1251 1666 ἐσκευασμένοι
1287 1611 1346 1663 ὥς
1366 1610 1460 1656 Ἕλ-

107 1680 239 1734 ληνες.
281 1677 419 1730 Ἴωνες
445 1679 490 1721 δὲ
516 1676 618 1722 ὅσον
642 1680 718 1733 μὲν
740 1679 892 1736 χρόνον
918 1679 959 1722 ἐν
983 1680 1298 1736 Πελοποννήσῳ
1326 1681 1462 1723 οἴκεον

103 1744 180 1802 τὴν
210 1750 282 1788 νῦν
313 1748 569 1801 καλεομένην
594 1744 789 1801 ΔἈχαιίην,
824 1748 896 1789 καὶ
926 1748 1028 1803 πρὶν
1058 1744 1085 1802 ἢ
1117 1747 1286 1790 Δαναόν
1316 1764 1362 1790 τε
1392 1750 1463 1790 καὶ

104 1817 279 1856 Ξοῦθον
305 1811 550 1856 ἀπικέσθαι
570 1813 612 1864 ἐς
625 1814 966 1869 Πελοπόννησον,
996 1810 1257 1868 ώςἝλληνες
1276 1816 1460 1869 λέγουσι,

105 1879 325 1923 ἐκαλέοντο
350 1881 565 1936 Πελασγοὶ
589 1880 826 1936 Αἰγιαλέες,
856 1880 929 1923 ἐπὶ
955 1881 1001 1923 δὲ
1016 1878 1160 1931 Ἴωνος
1183 1885 1260 1924 τοῦ
1285 1882 1461 1924 Ξούθου

94 1944 246 1998 Ἴωνες.
306 1951 515 2004 νησιῶται
540 1947 586 1990 δὲ
611 1947 898 1990 ἑπτακαίδεκα
923 1952 1178 2005 παρείχοντο
1204 1951 1300 1998 νέας
1326 1947 1463 1991 ὠπλιι

106 2019 253 2068 σμένοι
279 2012 553 2071 ὦςἝλληνες,
581 2016 652 2057 καὶ
676 2019 804 2058 τοῦτο
829 2013 1093 2070 Πελασγικὸν
1120 2014 1259 2067 ἔθνος,
1287 2013 1463 2070 ὕστερον

106 2083 152 2125 δὲ
172 2080 353 2126 Ἰωνικὸν
379 2082 538 2138 ἐκλήθη
564 2081 672 2125 κατὰ
695 2081 769 2125 τὸν
796 2080 925 2125 αὐτὸν
951 2082 1076 2137 λόγον
1095 2083 1166 2124 καὶ
1187 2082 1228 2125 οἱ
1249 2083 1463 2126 δυωδεκα-

106 2150 257 2200 πόλιες
273 2147 411 2200 ’Ϊωνες
437 2150 478 2192 οἱ
504 2147 817 2205 ἔτιέᾍθηνέων.
865 2149 1044 2199 Αἰολέες
1070 2150 1115 2192 δὲ
1142 2148 1342 2205 ἑξήκοντα
1367 2151 1463 2201 νέας

107 2224 382 2274 παρείχοντο,
423 2216 725 2270 ἐσκευασμένοι
755 2233 802 2259 τε
834 2233 892 2266 ως
912 2213 1107 2272 Ἕλληνες
1142 2219 1214 2260 καὶ
1243 2216 1292 2259 τὸ
1325 2218 1465 2260 πάλαι

107 2285 358 2338 καλεόμενοι
382 2286 611 2339 Πελασγοί,
641 2282 700 2334 ὠς
720 2281 924 2339 Ἑλλήνων
949 2285 1088 2339 λόγος.
1139 2282 1465 2340 Ἑλλησπόντιοι

110 2352 155 2395 δὲ
180 2351 290 2408 πλὴν
304 2350 540 2407 Ἀβυδηνῶν
566 2350 848 2407 (Ἀβυδηνοῖσι
872 2349 952 2405 γὰρ
977 2355 1292 2406 προσετέτακτο
1319 2351 1362 2394 ἐκ
1386 2357 1465 2405 βα-

111 2420 252 2468 σιλέος
266 2417 374 2461 κατὰ
390 2419 532 2475 χώρην
551 2422 728 2471 μένουσι
747 2418 965 2474 φυλάκους
984 2417 1092 2461 εἶναι
1110 2423 1195 2461 τῶν
1213 2421 1462 2474 γεφυρέων),

113 2485 153 2528 οἱ
179 2485 225 2528 δὲ
249 2486 399 2528 λοιποὶ
424 2486 466 2528 οἱ
492 2485 535 2527 ἐκ
558 2489 635 2528 τοῦ
660 2485 826 2528 Πόντου
854 2485 1183 2539 στρατευόμενοι
1208 2489 1465 2540 παρείχοντο

112 2553 186 2606 μὲν
213 2551 361 2595 ἑκατὸν
385 2555 494 2603 νέας,
523 2551 826 2604 ἐσκευασμένοι
846 2552 892 2594 δὲ
912 2545 1018 2606 ἦσαν
1039 2548 1319 2607 ὥςἝλληνες·
1345 2545 1466 2594 οὗτοι

115 2620 161 2662 δὲ
182 2617 332 2663 Ἰώνων
357 2620 429 2661 καὶ
454 2621 655 2672 Δωριέων
682 2616 872 2661 ἄποικοι.

195 2685 479 2740 Ἐπεβάτευον
500 2686 546 2728 δὲ
566 2684 638 2729 ἐπὶ
652 2683 829 2728 πασέων
840 2688 927 2727 τῶν
945 2688 1048 2727 νειῦν
1062 2688 1226 2742 Πέρσαι
1239 2687 1310 2728 καὶ
1324 2686 1464 2741 Μῆδοι

116 2757 185 2797 καὶ
210 2754 361 2798 Σάκαι.
398 2753 561 2796 τούτων
587 2752 633 2795 δὲ
658 2751 814 2809 ἄριστα
838 2752 1072 2803 πλωούσας
1090 2756 1345 2808 παρείχοντο
1370 2756 1466 2803 νέας

1485 1223 1519 1247 93

1485 1625 1519 1649 94

1488 1962 1521 1987 95

1489 2699 1524 2723 003
