1747 3293
503 283 817 318 HPOAOTOT
845 283 874 318 Ῑ.
899 283 1044 318 21—23.
1368 273 1452 315 253

89 352 265 407 κόμενος
297 352 343 395 δὲ
380 350 402 395 5
435 354 566 408 κῆρυξ
588 351 700 409 πρὸς
731 350 887 404 αὐτοὺς
914 354 1027 409 ἔλεγε
1051 353 1174 395 τάδε·
1206 350 1453 410 κλῑίεγαρέες

88 423 279 476 λέγουσι·
317 418 456 475 ἡμεῖς,
490 418 641 474 ἄνδρες
672 420 909 474 σύμμαχοι,
944 418 993 463 οὗ
1026 421 1204 464 δυνατοί
1233 420 1348 475 εἰμεν
1377 419 1452 476 τὴν

87 491 287 543 Περσέων
311 488 452 531 ἵππον
479 488 687 530 δέκεσθαι
711 492 883 541 μοῦνοι,
913 487 1076 541 ἔχοντες
1103 488 1255 531 στάσιν
1279 488 1448 544 ταύτην,

87 555 130 607 ἒς
155 554 229 611 τὴν
256 554 434 611 ἔστημεν
467 553 618 610 ἀρχήν·
657 553 766 597 ἀλλὰ
798 558 870 598 καὶ
902 554 945 606 ἒς
968 555 1069 598 τόδε
1095 557 1277 613 λιπαρίῃ
1309 572 1356 599 τε
1381 557 1452 598 καὶ

87 621 216 679 ἀρετῇ
243 621 468 676 ἀντέχομεν
493 625 650 678 καίπερ
677 622 940 677 πιεζόμενοι.
1000 626 1072 665 νῦν
1101 639 1147 665 τε
1183 623 1221 666 εἰ
1244 623 1302 680 μή
1333 640 1453 674 τινας

87 689 242 741 ἄλλους
267 693 468 745 πέμψετε
494 689 725 742 διαδόχους
749 694 824 745 τῆς
852 690 1013 743 τάξιος,
1042 690 1135 733 ἰ’στε
1160 688 1293 746 ἡμέας
1319 690 1452 733 ἐκλεί-

85 767 252 814 ψοντας
271 756 345 813 τὴν
363 754 523 809 τάξιν.”
564 754 586 799 5
612 756 688 810 μὲν
715 757 764 812 δή
793 773 875 813 σφι
899 762 1035 800 ταῦτα
1061 755 1306 814 ἀπήγγειλε,
1333 767 1452 801 Παυ-

87 828 235 881 σανίης
273 825 319 867 δὲ
356 822 628 880 ἀπεπειρᾶτο
665 828 750 866 τιῦν
777 822 993 880 Ἑλλήνιον,
1034 825 1076 867 εἴ
1107 842 1219 876 τινες
1256 825 1450 868 ἐθέλοιεν

87 891 211 936 ἄλλοι
237 892 464 935 ἐθελονταὶ
491 891 600 935 ἰέναι
624 908 670 934 τε
697 890 739 942 ἐς
763 890 836 934 τὸν
858 896 998 949 χιῦρον
1023 896 1175 935 τοῦτον
1199 894 1269 934 καὶ
1295 893 1451 935 τάσσε-

87 964 199 1003 σθαι
226 959 424 1013 διάδοχοι
448 963 710 1015 Μεγαρεῦσι.
755 957 803 1001 οὗ
829 961 1102 1014 βουλομένων
1129 959 1174 1001 δὲ
1198 964 1284 1002 τιῦν
1310 958 1450 1002 α’λλων

83 1025 306 1083 Αθηναῖοι
329 1025 605 1079 ὑπεδέξαντο,
633 1029 704 1070 καὶ
724 1024 964 1082 Αθηιαίων
991 1027 1033 1069 οἷ
1056 1026 1298 1083 τριηκόσιοι
1322 1027 1451 1081 λογά-

87 1095 174 1146 δες,
212 1099 298 1137 τιῦν
336 1094 530 1150 ελοχηγεε
557 1092 905 1151 Ολυμπιόδωρος
942 1091 964 1137 5
1003 1094 1268 1148 Λάμπωνος.
1331 1095 1451 1136 οἰτοι
1476 1107 1508 1131 -2

84 1164 192 1218 ἦσαν
218 1161 265 1205 οἵ
284 1178 330 1204 τε
357 1159 673 1215 ὑποδεξάμενοι
698 1179 770 1204 και
796 1162 838 1204 οἱ
863 1161 949 1218 πρὸ
975 1166 1061 1204 τῶν
1087 1158 1228 1204 ἄλλων
1252 1165 1337 1204 τῶν
1363 1177 1451 1203 πα-

85 1230 268 1286 ρεόντων
295 1227 500 1286 Ἑλλήνων
532 1228 574 1280 ἐς
600 1227 814 1287 Ἐρυθρὰς
844 1233 1094 1283 ταχθέντες,
1132 1227 1234 1281 τοὺς
1269 1229 1451 1281 τοξότας

84 1297 419 1354 προσελόμενοι·
445 1296 697 1351 μαχομένων
724 1298 770 1339 δέ
789 1313 935 1354 σφεων
956 1296 1030 1340 ἐπὶ
1047 1297 1200 1350 χρόνον
1219 1299 1340 1347 τέλος
1360 1313 1450 1339 τοι-

86 1365 184 1407 όνδε
210 1364 372 1420 ἐγένετο
404 1369 480 1420 τῆς
512 1367 669 1421 μάχης·
707 1365 1044 1422 προσβαλοίσης
1068 1369 1143 1420 τῆς
1173 1365 1315 1407 ἵππου
1342 1363 1451 1405 κατὰ

84 1434 207 1474 τέλεα
240 1430 262 1474 5
288 1436 534 1475 Μασιστίου
567 1436 764 1488 προέχων
794 1436 879 1475 τιῦν
906 1429 1046 1475 ἄλλων
1071 1432 1212 1483 ἵππος
1241 1432 1449 1486 βάλλεται

85 1500 316 1554 τοξεύματι
339 1499 394 1542 τὰ
419 1500 605 1555 πλευρά,
641 1497 830 1556 ἀλγήσας
863 1500 908 1542 δὲ
939 1500 1116 1542 ἵσταταί
1144 1516 1190 1542 τε
1216 1497 1354 1556 ὀρθὸς
1379 1501 1448 1541 καὶ

86 1565 343 1611 ἀποσείεται
367 1566 440 1610 τὸν
459 1571 715 1610 Μασίστιον.
753 1568 933 1611 πεσόντι
960 1568 1005 1610 δὲ
1032 1564 1148 1623 αὐτῷ
1170 1567 1211 1609 οἶ
1225 1565 1449 1622 Ἀθηναῖοι

87 1633 240 1678 αὐτίκα
272 1635 493 1679 ἐπεκέατο.
553 1635 628 1678 τόν
665 1651 711 1678 τε
750 1633 800 1691 δὴ
838 1635 978 1678 ἵππον
1017 1632 1149 1677 αὗτοῦ
1180 1634 1451 1689 λαμβάνοι-σι

85 1704 157 1745 καὶ
183 1701 313 1745 αὐτὸν
340 1701 605 1758 ἀμυνόμενον
623 1707 848 1753 κτείνουσι,
876 1700 964 1744 κατ’
983 1701 1115 1759 ἀρχὰς
1136 1700 1183 1745 οὗ
1207 1702 1447 1756 δυνάμενοι.

86 1769 363 1814 ἐνεσκεύαστο
389 1769 469 1827 γὰρ
497 1768 630 1813 οὕτω·
658 1769 778 1821 ἐντὸς
804 1770 987 1827 θώρηκα
1013 1768 1098 1823 εἶχε
1120 1770 1300 1826 χρύσεον
1326 1771 1450 1812 λεπι-

88 1839 238 1891 δωτόν,
283 1838 535 1893 κατύπερθε
580 1839 626 1881 δὲ
666 1843 743 1881 τοῦ
784 1838 986 1894 θώρηκος
1027 1841 1197 1880 κιθιῦνα
1234 1841 1451 1893 φοινίκεον

88 1905 316 1950 ἓνδεδύκεε.
375 1906 610 1957 τύπτοντες
642 1907 687 1949 δὲ
720 1905 762 1957 ἐς
793 1905 867 1949 τὸν
897 1905 1081 1963 θώρηκα
1114 1904 1285 1947 ἐποίευν
1312 1902 1446 1955 οὐδέν,

87 1978 189 2029 πρίν
219 1991 265 2030 γε
297 1972 347 2031 δὴ
379 1974 539 2028 μαθών
572 1991 638 2025 τις
668 1973 717 2017 τὸ
750 1973 1008 2028 ποιεύμενον
1045 1976 1169 2016 παίει
1198 1990 1272 2026 μιν
1305 1971 1347 2022 ἐς
1377 1971 1451 2014 τὸν

88 2040 339 2099 ὀφθαλμόν.
402 2038 513 2085 οὕτω
547 2041 596 2098 δὴ
630 2041 760 2084 ἔπεσέ
789 2058 834 2084 τε
866 2043 936 2083 καὶ
969 2039 1182 2083 ἀπέθανε.
1242 2044 1379 2082 ταῦτα
1407 2041 1453 2082 δέ

86 2127 171 2161 κως
207 2110 409 2165 γινόμενα
446 2108 648 2166 ἐλελήθεε
684 2108 784 2160 τοὺς
823 2107 979 2159 ἄλλους
1017 2108 1198 2159 ἱππέας·
1238 2105 1335 2150 οὔτε
1372 2107 1451 2163 γὰρ

86 2178 280 2221 πεσόντα
309 2195 382 2232 μιν
410 2175 524 2220 εἶδον
557 2175 648 2220 άπὸ
680 2181 756 2219 τοῦ
783 2176 924 2219 ἵππου
959 2174 1315 2231 ἀποθνήσκοντα,
1350 2173 1453 2217 ἅνα-

83 2245 302 2302 χωρήσιός
331 2262 377 2288 τε
407 2248 629 2301 γινομένης
659 2246 731 2287 καὶ
764 2242 1046 2302 ὑποστροφῆς
1085 2241 1159 2286 οὖκ
1197 2243 1365 2296 ἔμαθον
1402 2242 1450 2285 τὸ

87 2314 321 2369 γινόμενον.
360 2311 504 2355 ἐπείτε
525 2313 571 2355 δὲ
587 2312 780 2368 ἔστησαν,
806 2310 956 2354 αὐτίκα
972 2311 1213 2367 ἐπόθησαν,
1237 2307 1295 2361 ὥς
1316 2326 1454 2367 σφεας

88 2379 231 2432 οὐδεὶς
255 2375 304 2436 ἧν
331 2378 353 2423 5
378 2380 564 2423 τάσσων.
624 2380 844 2434 μαθόντες
871 2380 916 2421 δὲ
942 2378 990 2421 τὸ
1016 2378 1206 2434 γεγονός,
1237 2378 1453 2419 διακελευ-

88 2449 270 2502 σάμενοι
294 2445 475 2504 ἤλαυνον
500 2446 602 2498 τοὺς
627 2447 795 2498 ἵππους
820 2447 1000 2497 πάντες,
1036 2444 1094 2495 ὡς
1128 2443 1178 2487 ι’ἒν
1209 2443 1282 2487 τὸν
1308 2443 1453 2499 νεκρὸν

89 2514 330 2559 ἀνελοίατο.
393 2515 556 2566 ἰδόντες
594 2515 640 2556 δὲ
678 2514 720 2557 οἱ
746 2511 971 2569 Ἀθηναῖοι
1009 2511 1149 2555 οὗκέτι
1185 2510 1293 2553 κατὰ
1329 2513 1453 2554 τέλεα
1479 2525 1492 2548 2

89 2583 464 2640 προσελαύνοντας
500 2581 600 2632 τοὺς
640 2581 803 2631 ἱππέας
841 2579 949 2623 ἀλλὰ
986 2581 1171 2631 πάντας,
1210 2578 1285 2635 τὴν
1323 2576 1452 2635 ἄλλην

90 2650 293 2708 στρατιὴν
319 2650 610 2705 ἐπεβώσαντο.
663 2648 704 2692 ἒν
731 2642 765 2690 ὦ
793 2645 885 2691 δὲ
866 2666 887 2691 ο
914 2646 1044 2700 πεζὸς
1070 2645 1188 2698 άπας
1209 2645 1450 2700 ἐπεβώθεε,

91 2718 134 2762 ἕν
164 2719 302 2775 τούτω
334 2719 447 2775 μάχη
481 2716 582 2770 ὀξεα
612 2719 714 2772 περὶ
746 2720 823 2759 τοῦ
854 2720 1001 2772 νεκροῦ
1032 2719 1207 2772 γίνεται.
1270 2731 1350 2766 εως
1375 2718 1450 2768 μέν

90 2804 162 2830 νυν
191 2791 343 2842 μοῦνοι
374 2789 481 2844 ν’σαν
515 2786 557 2829 οἱ
586 2785 846 2842 τριηκόσιοι,
882 2783 1086 2828 ἑσσοῦντό
1118 2800 1163 2826 τε
1195 2781 1356 2826 πολλὸν
1381 2799 1451 2825 και
