1747 3293
512 297 824 334 ΗΡΟΔΟΤΟΥ
853 298 882 332 I.
908 298 962 333 89.
989 298 1042 333 90.
1372 289 1454 330 28].

189 370 329 408 Ταῦτα
365 366 440 420 μὲν
476 364 530 408 τὰ
568 365 610 409 ἐν
646 369 892 423 Πλαταιῇσι
928 368 999 408 καὶ
1038 367 1200 423 Θήβῃσι
1236 367 1452 422 γενόμενα,
1480 379 1516 403 89

94 433 349 490 ,Ἀρτάβαζος
378 433 423 475 δὲ
449 431 472 476 ὃ
502 434 743 489 Φαρνάκεος
768 435 937 491 φεύγων
964 434 1008 477 ἐκ
1032 434 1284 478 Πλαταιέων
1309 436 1379 477 καὶ
1405 433 1456 491 δὴ

98 500 252 556 πρόσω
292 499 465 555 ἐγίνετο.
527 498 788 555 ἀπικόμενον
827 502 873 544 δέ
907 519 980 555 μιν
1014 502 1056 544 οἱ
1089 504 1299 546 Θεσσαλοὶ
1336 501 1457 557 παρὰ

99 571 238 625 σφέας
274 566 350 610 ἐπί
384 584 430 610 τε
467 569 602 619 ξείνια
639 568 811 611 ἐκάλεον
846 571 919 611 καὶ
955 566 1209 626 ἆνειριότεον
1246 572 1348 626 περὶ
1383 574 1458 625 τῆς

99 639 301 692 στρατιῆς
324 638 400 690 τῆς
426 632 567 690 ἄλλης,
597 633 719 678 οὐδὲν
745 635 1029 690 ἐπιστάμενοι
1047 641 1132 680 τῶν
1153 637 1194 680 ἐν
1213 639 1459 694 Πλαταιῇσι

97 706 345 760 γενομένων.
407 700 429 744 ὁ
470 701 516 744 δὲ
541 699 799 758 Ἀρτάβαζος
833 704 974 758 γνούς,
1015 701 1084 747 ὅτι
1121 705 1159 747 εἰ
1196 704 1345 748 ἐθέλοι
1377 721 1459 761 σφι

97 776 245 814 πᾶσαν
269 769 344 826 τὴν
371 767 583 825 ἀλήθειαν
607 774 692 812 τῶν
719 768 895 825 ἀγώνιον
922 771 1072 823 εἰπεῖν,
1101 771 1232 823 αὐτός
1250 789 1297 815 τε
1316 773 1458 815 κινδυ-

97 838 239 882 νεύσει
264 835 518 880 ἀπολέσθαι
542 839 614 879 καὶ
634 835 657 880 ὁ
677 835 765 890 μετ)
779 836 912 880 αὐτοῦ
933 839 1116 895 στρατὸς
1136 838 1459 896 (ἐπιθήσεσθαι

97 906 178 962 γάρ
216 904 259 948 οἱ
301 904 445 948 πάντα
479 903 576 947 τινὰ
613 905 729 947 οἴετο
755 906 1085 959 πυνθανόμενον
1126 906 1182 949 τὰ
1222 908 1457 962 γεγονότα),

98 976 235 1016 ταῦτα
268 971 587 1028 ἐκλογιζόμενος
619 970 717 1015 οὕτε
749 972 861 1028 πρὸς
890 972 990 1024 τοὺς
1025 974 1198 1025 Φωκέας
1236 974 1458 1031 ἐξηγόρευε

100 1038 235 1091 οὐδέν,
263 1040 376 1096 πρός
400 1056 446 1082 τε
470 1039 572 1090 τοὺς
599 1039 843 1090 Θεσσαλοὺς
869 1039 984 1095 ἔλεγε
1007 1041 1131 1084 τάδε·
1158 1039 1273 1097 ((ἐγώ
1300 1041 1389 1095 μέν,
1424 1036 1458 1083 ὦ

100 1107 250 1165 ἄνδρες
289 1109 518 1158 Θεσσαλοί,
564 1105 622 1157 ὡς
659 1105 805 1163 ὁρᾶτε,
851 1106 1082 1164 ἐπείγομαί
1116 1126 1162 1152 τε
1201 1108 1348 1166 [κατὰ]
1385 1108 1460 1165 τὴν

97 1179 299 1232 ταχίστην
331 1174 459 1218 ἐλέων
492 1173 535 1225 ἐς
562 1177 739 1230 Θρηίκην
771 1177 842 1217 καὶ
874 1175 1068 1233 σπουδὴν
1099 1175 1198 1229 ἔχω,
1232 1179 1461 1234 πεμφθεὶς

97 1244 207 1286 κατά
232 1261 275 1286 τι
300 1247 478 1299 πρῆγμα
504 1241 547 1284 ἐκ
571 1247 647 1284 τοῦ
674 1244 974 1299 στρατοπέδου
1000 1242 1109 1297 μετὰ
1133 1245 1281 1287 τιῦνδε.
1328 1243 1459 1295 αὐτὸς

100 1312 146 1353 δὲ
170 1308 270 1364 ὑμῖν
289 1310 535 1366 Μαρδόνιος
554 1312 625 1352 καὶ
646 1308 667 1352 ὃ
691 1309 874 1365 στρατὸς
894 1308 1023 1354 αὐτοῦ
1046 1305 1170 1362 οὗτος
1189 1311 1297 1354 κατὰ
1318 1313 1461 1363 πόδας

100 1378 199 1431 ἐμεῦ
227 1377 412 1420 ἐλαύνων
437 1378 734 1434 προσδόκιμός
760 1378 863 1421 ἔστι.
901 1382 1053 1421 τοῦτον
1078 1381 1149 1421 καὶ
1175 1380 1370 1431 ξεινίζετε
1389 1382 1460 1422 καὶ

100 1440 147 1488 εὖ
178 1449 404 1495 ποιεῦντες
435 1449 663 1501 φαίνεσθε.
725 1443 774 1488 οὗ
806 1444 887 1501 γὰρ
924 1443 1024 1500 ὑμῖν
1061 1445 1103 1497 ἐς
1136 1447 1287 1504 χρόνον
1323 1451 1461 1490 ταῦτα

98 1517 277 1556 ποιεῦσι
300 1510 626 1568 μεταμελήσει.”
666 1517 803 1556 ταῦτα
830 1514 875 1556 δὲ
895 1514 1023 1564 εἴπας
1049 1511 1269 1570 ἀπήλαυνε
1289 1516 1458 1572 σπουδῇ

98 1580 172 1636 τὴν
200 1579 403 1637 στρατιὴν
435 1579 509 1622 διὰ
537 1582 772 1636 Θεσσαλίης
802 1597 848 1623 τε
879 1583 949 1623 καὶ
975 1583 1241 1639 Μακεδονίης
1273 1581 1351 1625 ἰθὺ
1383 1587 1460 1640 τῆς

103 1650 301 1704 Θρηίκης,
342 1645 401 1698 (ὗς
438 1645 640 1704 ἀληθέως
678 1647 957 1704 ἐπειγόμενος
999 1651 1070 1692 καὶ
1112 1649 1186 1707 τὴν
1222 1651 1459 1706 μεσόγαιαν

99 1716 271 1769 τάμνων
295 1719 370 1771 τῆς
396 1713 514 1757 ὁδοῦ.
574 1718 646 1758 καὶ
672 1713 923 1759 ἀπικνέεται
955 1715 997 1767 ἐς
1021 1717 1255 1769 Βυζάντιον
1285 1720 1461 1761 καταλι-

99 1782 196 1826 πών
226 1786 303 1825 τοῦ
335 1787 521 1837 στρατοῦ
552 1788 627 1825 τοῦ
661 1782 822 1827 ἑωυτοῦ
856 1783 1033 1837 συχνοὺς
1068 1782 1154 1827 ὑπὸ
1190 1788 1379 1841 Θρηίκων
1415 1803 1460 1828 τε

99 1853 419 1901 κατακοπέντας
444 1848 534 1892 κατ’
553 1849 653 1893 ὁδὸν
678 1853 747 1893 καὶ
774 1853 885 1907 λιμῷ
914 1852 1153 1903 συστάντας
1171 1855 1242 1895 καὶ
1261 1854 1459 1909 καμάτῳ·

101 1918 146 1960 ἐκ
168 1918 406 1970 Βυζαντίου
435 1918 480 1961 δὲ
507 1919 626 1974 διέβη
655 1920 867 1961 πλοίοισι.

187 1980 318 2037 Οῦτος
338 1987 414 2040 μὲν
434 1983 546 2028 οὕτω
568 1984 837 2042 ἀπενόστησε
858 1986 900 2037 ἐς
919 1985 1152 2043 τηνΞΙσίην,
1174 1992 1248 2043 τῆς
1269 1989 1315 2031 δὲ
1331 1986 1460 2045 αὐτῆς
1484 2003 1498 2025 ³*

99 2051 260 2110 ἡμέρης
284 2058 451 2109 τῆσπερ
478 2053 519 2097 ἒν
545 2056 789 2110 Πλαταιῇσι
820 2053 868 2097 τὸ
895 2059 1046 2108 τριῦμα
1072 2054 1253 2110 ἐγένετο,
1289 2057 1460 2099 συνεκύ-

101 2138 203 2178 ρησε
227 2121 433 2177 γενέσθαι
458 2123 528 2163 καὶ
555 2121 596 2163 ἐν
621 2123 799 2178 Μυκάλῃ
825 2126 899 2178 τῆς
920 2120 1091 2178 Ἰωνίης.
1137 2122 1286 2180 ἐπειδὴ
1312 2123 1391 2180 γὰρ
1420 2123 1460 2166 ἐν

100 2194 150 2245 τῇ
178 2187 304 2245 Δήλῳ
331 2193 512 2232 κατέατο
540 2189 582 2232 οἱ
597 2186 792 2246 Ἕλληνες
820 2190 860 2232 οἱ
887 2189 928 2232 ἐν
952 2194 1051 2248 τῇσι
1078 2193 1199 2246 νηυσὶ
1232 2189 1323 2245 ἅμα
1348 2199 1460 2235 Λευ-

101 2257 248 2313 τυχίδῃ
274 2261 334 2312 τῳ
357 2258 686 2313 Λακεδαιμονίῳ
716 2256 988 2311 ἀπικόμενοι,
1016 2251 1155 2312 ἦλθόν
1182 2274 1262 2314 σφι
1289 2257 1461 2314 ἄγγελοι

102 2322 192 2367 άπὸ
234 2326 385 2377 Σάμου
428 2325 629 2378 Λάμπων
671 2342 716 2367 τε
762 2327 1028 2381 Θρασυκλέος
1070 2328 1140 2367 καὶ
1172 2323 1462 2382 ,Ἀθηναγόρης

97 2390 452 2449 Ἀρχεστρατίδεω
498 2394 568 2434 καὶ
607 2390 938 2449 Ἡγησίστρατος
976 2391 1304 2449 Άρισταγόρεω,
1349 2410 1461 2447 πεμ-

103 2463 289 2516 φθέντες
325 2457 411 2502 ὑπὸ
443 2463 620 2513 Σαμίων
655 2461 800 2516 λάθρῃ
837 2464 922 2502 τῶν
958 2477 1003 2502 τε
1040 2464 1239 2517 Περσέων
1275 2463 1347 2503 καὶ
1383 2465 1459 2503 τοῦ

101 2527 307 2583 τυράννου
337 2528 633 2583 Θεομήστορος
657 2531 732 2570 τοῦ
755 2525 1130 2583 Ἀνδροδάμαντος,
1158 2527 1231 2570 τὸν
1256 2527 1461 2583 κατέστη-

104 2611 182 2637 σαν
206 2594 356 2648 Σάμου
386 2595 590 2650 τύραννον
617 2594 659 2637 οἱ
688 2598 866 2648 Πέρσαι.
929 2594 1205 2637 ἐπελθόντων
1237 2596 1284 2637 δέ
1315 2612 1461 2651 σφεων

103 2661 177 2704 ἐπὶ
201 2661 301 2713 τοὺς
327 2661 590 2718 στρατηγοὺς
615 2662 729 2717 ἔλεγε
743 2660 1074 2717 Ἡγησίστρατος
1100 2661 1241 2705 πολλὰ
1260 2664 1330 2704 καὶ
1351 2679 1461 2705 παν-

101 2739 213 2780 τοῖα,
241 2727 299 2780 ὠς
324 2728 372 2786 ἢν
396 2734 553 2783 μοῦνον
574 2730 752 2772 ἴδωνται
774 2728 931 2780 αὐτοὺς
951 2730 992 2772 οἱ
1008 2727 1158 2781 Ἴωνες,
1187 2728 1460 2786 ἀποστήσον-

102 2815 175 2840 ται
201 2795 290 2841 ἀπὸ
316 2800 529 2855 Περσέων,
563 2799 634 2839 καὶ
661 2795 718 2848 ὠς
745 2796 786 2840 οἱ
810 2798 1027 2855 βάρβαροι
1053 2796 1128 2840 οῦκ
1152 2795 1461 2854 ὑπομενέουσι·
