1747 3293
287 245 371 287 288
680 250 993 285 ΗΡΟΔΟΤΟΥ
1022 250 1050 284 I.
1080 249 1157 284 106.
1183 250 1258 285 107.

289 326 385 372 νεάς
401 321 637 376 ἐνέπρησαν
658 320 729 360 καὶ
742 317 791 361 τὸ
806 327 945 372 τεῖχος
959 315 1087 370 ἅπαν,
1109 317 1183 375 τὴν
1197 320 1318 375 ληίην
1332 317 1650 375 προεξαγαγόν-

286 405 357 438 τες
378 387 420 438 ἐς
440 386 514 430 τὸν
534 385 743 442 αἰγιαλόν,
766 388 836 428 καὶ
858 385 1110 441 θησαυρούς
1128 402 1246 436 τινας
1268 387 1498 442 χρημάτων
1513 380 1649 441 εὗρον.

292 454 589 510 ἐμπρήσαντες
614 453 660 496 δὲ
683 452 732 496 τὸ
759 462 900 506 τεῖχος
925 454 997 494 καὶ
1021 451 1099 503 τὰς
1122 457 1219 504 νέας
1245 451 1494 496 ἀπέπλωον.
1545 451 1651 496 ἄπι-

288 522 463 576 κόμενοι
494 522 541 564 δὲ
572 520 614 571 ἐς
640 520 787 575 Σάμον
815 519 856 563 οἱ
876 517 1071 576 Ἕλληνες
1104 519 1382 575 ἐβουλεύοντο
1414 522 1517 578 περὶ
1549 519 1652 563 ἀνα-

289 589 469 639 στάσιος
487 592 562 644 τῆς
578 585 748 644 Ἰωνίης,
776 589 847 630 καὶ
869 585 945 644 ὅκῃ
963 587 1099 644 χρεὼν
1120 588 1183 644 εἰἠ
1203 586 1487 644 τῆςἙλλάδος
1506 605 1652 631 κατοι-

287 659 407 699 κίσαι
436 660 511 712 τῆς
543 652 666 698 αὐτοὶ
699 654 920 711 ἐγκρατέες
950 649 1069 712 ἦσαν,
1109 655 1183 711 τὴν
1216 656 1262 698 δὲ
1282 654 1440 712 Ἰωνίην
1473 653 1652 698 ἀπεῖναι

287 732 405 766 τοῖσι
428 722 706 780 βαρβάροισι.
747 721 958 764 ἀδύνατον
982 721 1062 779 γὰρ
1091 722 1302 780 ἐφαίνετό
1315 739 1396 780 σφι
1416 721 1527 766 εἶναι
1546 722 1654 765 ἑωυ-

287 791 389 842 τούς
430 807 475 833 τε
508 788 658 833 Ἰώνων
702 794 1015 847 προκατῆσθαι
1057 790 1350 848 φρουρέοντας
1392 789 1466 833 τὸν
1508 790 1653 833 πάντα

287 858 456 914 χρόνον,
497 859 569 900 καὶ
605 856 776 900 ἑωυτῶν
811 856 868 913 μὴ
906 861 1240 914 προκατημένων
1263 855 1410 908 Ἴωνας
1448 856 1653 912 οὐδεμίαν

290 927 447 970 ἐλπίδα
479 923 591 978 εἶχον
619 929 849 982 χαίροντας
880 924 992 981 πρὸς
1022 930 1108 968 τῶν
1140 928 1339 982 Περσέων
1372 922 1652 977 ἀπαλλάξειν.

289 993 401 1051 πρὸς
443 998 580 1036 ταῦτα
616 995 976 1049 Πελοποννησίων
1019 994 1096 1046 μὲν
1138 1000 1254 1036 τοῖσι
1298 992 1339 1036 ἐν
1381 994 1495 1036 τέλεϊ
1532 992 1654 1035 ἐοῦσι

291 1061 434 1104 ἐδόκεε
464 1065 550 1103 τῶν
586 1060 860 1116 μηδισάντων
899 1059 1062 1103 ἐθνέων
1097 1065 1183 1104 τῶν
1209 1058 1457 1117 Ἑλληνικῶν
1492 1059 1547 1102 τὰ
1580 1059 1654 1113 ἐμ-

289 1129 427 1186 πόρια
455 1127 824 1183 ἐξαναστήσαντας
851 1128 1001 1170 δοῦναι
1026 1127 1100 1185 τὴν
1123 1126 1394 1186 χώρηνἿωσι
1420 1127 1650 1184 ἐνοικῆσαι,

274 1194 546 1252 Ἀθηναίοισι
583 1196 629 1237 δὲ
667 1193 742 1237 οὖκ
779 1194 922 1237 ἐδόκεε
959 1192 1089 1251 ἀρχὴν
1114 1193 1272 1251 Ἰωνίην
1307 1198 1515 1251 γενέσθαι
1551 1193 1655 1238 ἀνά-

291 1279 458 1314 στατον,
495 1260 595 1306 οὐδὲ
619 1264 1014 1318 Πελοποννησίους
1041 1264 1142 1319 περὶ
1166 1266 1250 1304 τῶν
1277 1266 1496 1319 σφετέρων
1522 1260 1655 1305 ἇποι-

291 1329 415 1373 κιέων
456 1329 690 1383 βουλεύειν.
759 1328 1081 1372 ἀντιτεινόντων
1120 1330 1165 1372 δὲ
1199 1329 1366 1373 τούτων
1407 1330 1657 1386 προθύμως

292 1396 408 1450 εἶξαν
441 1397 483 1439 οἱ
513 1397 871 1453 Πελοποννήσιοι.
932 1398 1004 1439 καὶ
1041 1393 1153 1440 οῧτω
1193 1395 1243 1454 δὴ
1274 1401 1467 1452 Σαμίους
1501 1414 1548 1440 τε
1584 1399 1657 1440 καὶ

290 1470 425 1516 Χίους
450 1466 521 1507 καὶ
545 1469 761 1520 Λεσβίους
785 1467 857 1507 καὶ
881 1463 982 1515 τοὺς
1009 1462 1164 1515 ἄλλους
1188 1465 1413 1520 νησιώτας,
1443 1468 1486 1508 οἳ
1510 1464 1656 1518 ἔτυχον

293 1532 685 1590 συστρατευόμενοι
709 1540 827 1575 τοῖσι
842 1530 1034 1589 Ἕλλησι,
1065 1531 1108 1582 ἐς
1132 1531 1181 1575 τὸ
1209 1531 1475 1586 συμμαχικὸν
1503 1532 1657 1589 ἐποιή-

293 1618 441 1653 σαντο,
476 1603 603 1643 πίστι
627 1617 673 1643 τε
698 1600 1015 1655 καταλαβόντες
1047 1602 1117 1642 καὶ
1151 1597 1337 1655 ὁρκίοισι
1369 1599 1585 1655 ἐμμενέειν
1610 1617 1656 1643 τε

291 1671 362 1712 καὶ
386 1667 444 1724 μὴ
471 1666 824 1725 ἀποστήσεσθαι.
863 1668 1044 1718 τούτους
1071 1668 1116 1710 δὲ
1135 1668 1451 1722 καταλαβόντες
1470 1665 1658 1723 ὁρκίοισι

294 1737 463 1780 ἔπλωον
493 1734 571 1787 τὰς
600 1738 792 1793 γεφύρας
823 1735 1043 1786 λύσοντες·
1082 1735 1255 1791 ἐτιγὰρ
1288 1734 1458 1778 ἐδόκεον
1491 1734 1657 1778 ἐντετα-

220 1819 267 1844 107
292 1808 422 1859 μένας
448 1801 655 1860 εὑρήσειν.
712 1797 834 1846 οὗτοι
857 1804 934 1857 μὲν
960 1802 1010 1859 δὴ
1038 1801 1103 1846 ἐπ’
1127 1801 1443 1860 Ἑλλησπόντου
1471 1802 1653 1855 ἔπλωον,

293 1876 377 1914 τῶν
410 1872 456 1914 δὲ
487 1869 806 1928 ἀποφυγόντων
835 1871 1066 1927 βαρβάρων
1099 1870 1141 1921 ἐς
1170 1869 1223 1913 τὰ
1251 1869 1360 1926 ἄκρα
1389 1888 1434 1913 τε
1466 1875 1542 1927 τῆς
1565 1878 1659 1914 Μυ-

293 1940 423 1995 κάλης
448 1937 801 1995 κατειληθέντων,
836 1937 991 1981 ἐόντων
1018 1937 1066 1981 οὗ
1094 1940 1278 1991 πολλῶν,
1314 1938 1471 1994 ἐγίνετο
1502 1938 1658 1996 κομιδὴ

295 2006 337 2057 ἐς
356 2007 529 2061 Σάρδις.
569 2010 871 2064 πορευομένων
892 2006 938 2048 δὲ
957 2004 1046 2048 κατ’
1064 2003 1164 2049 ὁδὸν
1183 2010 1409 2062 Μασίστης
1429 2004 1450 2049 ὃ
1472 2009 1657 2063 Δαρείου

294 2073 554 2129 παρατυχών
579 2078 639 2130 τῷ
665 2074 810 2116 πάθεϊ
827 2078 888 2130 τῷ
906 2074 1098 2129 γεγονότι
1117 2073 1190 2116 τὸν
1211 2073 1446 2130 στρατηγὸν
1462 2071 1659 2130 Ἀρταΰν-

294 2160 369 2198 την
396 2142 510 2197 ἔλεγε
536 2141 678 2184 πολλά
703 2157 748 2183 τε
774 2142 845 2183 καὶ
869 2141 989 2193 κακά,
1019 2139 1127 2183 ἄλλα
1151 2158 1197 2184 τε
1216 2143 1286 2183 καὶ
1305 2140 1504 2196 γυναικὸς
1523 2146 1656 2185 κακίω

296 2210 383 2267 φὰς
410 2207 537 2252 αὖτὸν
566 2207 675 2252 εἶναι
700 2213 881 2251 τοιαῦτα
908 2210 1278 2265 στρατηγήσαντα,
1306 2211 1376 2251 καὶ
1403 2207 1523 2261 ἄξιον
1549 2207 1660 2253 εἶναι

295 2276 458 2328 παντὸς
490 2281 621 2320 κακοῦ
654 2276 727 2320 τὸν
757 2278 960 2331 βασιλέος
987 2274 1102 2319 οἷκον
1133 2277 1403 2320 κακώσαντα.
1464 2277 1586 2335 παρὰ
1612 2278 1660 2320 δὲ

294 2354 411 2388 τοῖσι
442 2344 634 2402 Πέρσῃσι
665 2343 862 2400 γυναικὸς
894 2347 1025 2386 κακίω
1060 2342 1245 2388 ἀκοῦσαι
1283 2345 1424 2396 δέννος
1455 2346 1660 2401 μέγιστός

299 2413 403 2456 ἐστι.
455 2411 476 2455 ὁ
506 2413 551 2455 δὲ
578 2412 673 2455 ἐπεὶ
699 2410 842 2455 πολλὰ
869 2409 1034 2468 ἤκουσε,
1064 2410 1183 2455 δεινὰ
1208 2412 1467 2467 ποιεύμενος
1493 2417 1660 2456 σπᾶται

298 2480 372 2524 ἐπὶ
396 2479 469 2524 τὸν
495 2484 719 2537 Μασίστην
744 2479 818 2523 τὸν
844 2478 1044 2536 ἀκινάκην
1070 2478 1324 2523 ἀποκτεῖναι
1356 2479 1533 2524 ἐθέλων.
1588 2484 1661 2523 καί

297 2567 370 2603 μιν
408 2547 648 2591 ἐπιθέοντα
685 2549 906 2605 φρασθεὶς
942 2549 1202 2605 Ξειναγόρης
1240 2546 1262 2591 ὅ
1296 2549 1516 2605 Πρηξίλεω
1555 2545 1659 2605 ἀνὴρ

295 2615 655 2673 Ῐίλικαρνησσεύς,
678 2614 845 2660 ὄπισθε
861 2615 1018 2667 ἑστεὼς
1039 2614 1452 2673 αὖτοῦᾍρταΰντεω,
1475 2613 1661 2673 ἁρπάζει

299 2689 430 2738 μέσον
449 2687 520 2726 καὶ
540 2683 734 2741 ἐξαείρας
754 2688 876 2727 παίει
898 2683 939 2735 ἐς
959 2682 1032 2740 τὴν
1051 2688 1144 2741 γῆν·
1170 2686 1239 2726 καὶ
1256 2683 1297 2727 ἐν
1315 2683 1455 2740 τούτῳ
1472 2684 1515 2727 οἱ
1534 2684 1660 2741 δορυ-

298 2753 431 2809 φόροι
460 2752 501 2795 οἱ
526 2756 757 2796 Μασίστεω
785 2751 1070 2810 προέστησαν.
1122 2751 1143 2795 ὃ
1172 2753 1219 2795 δὲ
1243 2752 1501 2810 Ξειναγόρης
1524 2757 1659 2796 ταῦτα
