1747 3293
270 206 354 247 120
672 209 987 246 ΗΡΟΔΟΤΟΥ
1017 208 1063 242 Η.
1091 209 1237 244 33-36,

260 282 512 340 Σίρίφρονος
533 283 774 338 στρατηγοῦ
790 274 1294 335 ᾍθηναίωνᾍρταΰκτην
1316 276 1452 336 ἄνδρα
1471 283 1639 338 Πέρσην

266 352 473 405 λαβόντες
498 352 669 403 Σηστοῦ
703 344 898 403 ὕπαρχον
932 345 1098 397 ζώοντα
1128 344 1241 403 πρὸς
1273 348 1428 390 σανίδα
1455 349 1641 393 διεπασ-

267 420 495 468 σάλεισαν,
538 415 585 466 ὃς
616 417 687 458 καὶ
726 414 768 465 ἐς
800 418 876 457 τοῦ
907 415 1192 470 Πρωτεσίλεω
1224 413 1274 458 τὸ
1309 414 1400 473 ἱρὸν
1432 415 1475 467 ἐς
1501 414 1642 460 Ἐλαι-

209 502 241 524 :51
269 491 400 528 οῦντα
426 483 701 564 ἇγῒλινεόιιενος
725 491 930 539 γυναῖκας
962 480 1186 536 ἆθέιιιστα
1219 482 1322 539 έργα
1355 482 1541 541 έρδεσκε.
1599 484 1641 536 ἐς

264 554 345 597 ταί·
352 571 423 609 την
456 554 514 595 ὠν
545 550 619 608 τὴν
658 549 786 608 ἀκτὴν
825 550 871 602 ἐξ
895 548 1074 605 Αβύδου
1109 547 1366 607 ὃρμεόμενοι
1405 550 1640 631 ἐγεφύρουν

264 630 383 665 τοῖσι
419 623 700 678 προσεκέετο,
739 617 815 675 τὴν
845 618 922 673 ιιὲν
959 619 1204 661 λευκολίνου
1242 622 1453 672 Φοίνικες,
1491 619 1566 677 τὴν
1597 619 1638 663 δ’

264 690 412 746 ἑτέρην
438 688 511 745 τὴν
536 689 738 744 βυβλίνην
763 686 1018 744 Αἰγύπτιοι.
1065 686 1158 730 ἔστι
1184 687 1230 730 δὲ
1256 686 1370 730 ἑπτὰ
1395 688 1572 731 στάδιοι
1597 687 1644 741 ἐξ

259 756 440 812 Σίβύδου
469 756 511 808 ἐς
535 756 610 813 τὴν
637 754 862 799 ἀπαντίον.
923 757 996 797 καὶ
1029 753 1079 811 δὴ
1112 753 1362 811 ἐζευγμένου
1395 760 1473 799 τοῦ
1499 757 1640 814 πόρου

267 826 572 882 ἐπιγενόμενος
594 823 756 879 χειμών
780 823 914 879 μέγας
941 826 1156 879 συνέκοψέ
1179 840 1225 866 τε
1245 822 1385 866 ἐκεῖνα
1404 824 1549 868 πάντα
1569 827 1643 868 καὶ

209 909 240 933 35
268 895 451 937 διέλυσε.
493 892 551 944 ὥς
573 891 613 936 δ’
632 893 828 936 ἐπύθετο
848 895 1020 950 Ξέρξης,
1050 890 1169 935 δεινὰ
1190 892 1451 947 ποιεύμενος
1468 890 1642 936 τὸνἙλ-

269 964 515 1019 λη’σποντον
536 961 728 1004 ἐκέλευσε
748 965 999 1017 τριηκοσίας
1019 959 1258 1003 ἐπικέσθαι
1275 960 1457 1017 μάστιγι
1475 959 1644 1016 πληγὰς

264 1033 337 1074 καὶ
361 1039 556 1074 κατεῖναι
582 1029 624 1081 ές
643 1028 692 1073 τὸ
714 1029 903 1085 πέλαγος
923 1027 1090 1072 πεδέων
1113 1028 1273 1084 ζεῦγος.
1311 1025 1391 1086 ἤδη
1413 1028 1460 1071 δὲ
1478 1027 1643 1085 ἤκουσα

266 1097 325 1150 ὡς
362 1102 434 1142 καὶ
473 1102 643 1154 στιγέας
681 1094 772 1152 ἅμα
803 1097 1006 1140 τούτοισι
1038 1094 1281 1152 ἀπέπεμψε
1314 1098 1538 1149 στίξοντας
1568 1096 1644 1141 τὸν

261 1166 589 1223 Ἑλλήσποντον.
652 1165 889 1208 ἐνετέλλετο
923 1163 961 1208 δ)
981 1159 1039 1207 ὦν
1072 1165 1336 1222 ῥαπίζοντας
1368 1167 1505 1221 λέγειν
1534 1166 1643 1223 βάρ-

264 1236 381 1292 βαρά
406 1252 453 1277 τε
478 1238 550 1277 καὶ
577 1232 833 1285 ἀτάσθαλα,
869 1227 937 1274 “cZ
963 1231 1119 1287 πικρὸν
1144 1230 1281 1288 ὕδωρ,
1323 1234 1543 1289 δεσπότης
1573 1251 1644 1277 τοι

268 1304 386 1358 δίκην
408 1302 608 1345 ἐπιτιθεῖ
626 1301 763 1357 τήνδε,
793 1297 862 1343 ὅτι
880 1318 953 1354 μιν
974 1298 1182 1356 ἠδίκησας
1203 1298 1326 1343 οὐδὲν
1345 1300 1458 1357 πρὸς
1480 1300 1641 1345 ἐκείνου

268 1368 418 1414 ἄδικον
444 1370 611 1413 παθόν.
673 1370 746 1412 καὶ
769 1367 976 1423 βασιλεὺς
999 1368 1076 1422 μὲν
1101 1370 1263 1426 Ξέρξης
1296 1369 1556 1427 διαβήσεταί
1580 1386 1641 1423 σε,

265 1437 314 1495 ἦν
339 1455 386 1482 τε
413 1439 464 1482 σύ
491 1455 538 1494 γε
562 1438 697 1494 βούλῃ
725 1434 773 1493 ἤν
793 1453 839 1479 τε
859 1437 937 1493 μή·
966 1438 1037 1479 σοὶ
1059 1436 1104 1479 δὲ
1123 1434 1233 1479 κατὰ
1254 1437 1373 1494 δίκην
1394 1436 1479 1494 ἄρα
1500 1435 1644 1490 οὐδεὶς

268 1506 521 1562 ἀνθρώπων
553 1506 658 1549 θύει
690 1503 748 1556 (ὃς
787 1504 903 1548 ἐόντι
939 1506 1114 1561 θολερῷ
1151 1521 1198 1547 τε
1234 1506 1307 1547 καὶ
1345 1503 1523 1563 ἁλμυρῷ
1559 1524 1644 1550 πο-

265 1574 431 1632 ταμῷ.υ
471 1575 546 1631 τήν
572 1591 617 1617 τε
645 1572 695 1630 δὴ
718 1573 951 1616 θάλασσαν
973 1571 1211 1615 ἐνετέλλετο
1231 1573 1430 1617 τούτοισι
1451 1573 1640 1630 ζημιοῦν,

267 1645 336 1686 καὶ
370 1648 455 1687 τιῦν
482 1642 764 1686 ἐπεστεώτων
794 1646 846 1699 τῇ
880 1639 995 1694 ζεύξι
1025 1645 1101 1684 τοῦ
1124 1639 1440 1698 Ἑλλησπόντου
1474 1639 1645 1686 ἀποτα-

210 1725 243 1750 36
267 1721 363 1767 μεῖν
387 1711 465 1764 τὰς
491 1711 696 1768 κεφαλάς.
734 1712 807 1753 καὶ
834 1710 875 1753 οἱ
899 1710 976 1764 μὲν
995 1714 1134 1753 ταῦτα
1155 1709 1341 1761 ἐποίευν,
1368 1718 1486 1754 τοῖσι
1505 1727 1645 1767 προσ-

270 1784 410 1824 εκέετο
444 1777 550 1835 αἶ”τη
584 1777 607 1835 ἦ
642 1776 794 1834 ἄχαρις
830 1779 952 1835 τιμή,
990 1776 1069 1829 τὰς
1107 1779 1154 1821 δὲ
1191 1775 1316 1822 ἄλλοι
1354 1777 1645 1835 ἀρχιτέκτονες

271 1849 541 1904 ἐζεύγνυσαν·
570 1846 821 1902 ἐζεύγνυσαν
849 1847 895 1889 δὲ
915 1841 1014 1890 ὦδε.
1053 1850 1414 1903 πεντηκοντέρους
1433 1849 1506 1891 καὶ
1524 1848 1645 1905 τριή-

270 1934 370 1973 ρεας
396 1914 644 1967 συνθέντες,
678 1913 766 1958 ὑπὸ
792 1914 868 1969 μὲν
893 1914 968 1971 τὴν
994 1914 1107 1972 πρὸς
1137 1919 1213 1957 τοῦ
1237 1913 1445 1968 Εὐξείνου
1479 1916 1642 1960 πόντου

273 1984 474 2042 ἑξήκοντά
499 2000 545 2026 τε
570 1985 643 2026 καὶ
668 1986 930 2040 τριηκοσίας,
958 1981 1045 2026 ὑπὸ
1073 1984 1120 2026 δὲ
1144 1982 1221 2039 τὴν
1247 1983 1392 2040 ἑτέρην
1416 2000 1645 2040 τεσσερεσ-

271 2054 450 2096 καίδεκα
480 2052 552 2093 καὶ
583 2055 850 2107 τριηκοσίας,
884 2055 960 2093 τοῦ
985 2051 1061 2104 μὲν
1088 2051 1255 2095 Πόντου
1283 2051 1543 2108 ἐπικαρσίας
1566 2056 1645 2096 τοῦ

271 2122 318 2164 δὲ
334 2119 650 2177 Ἑλλησπόντου
678 2117 787 2162 κατὰ
812 2119 926 2175 ῥόον,
954 2118 1025 2161 ἵνα
1052 2117 1299 2176 ἀνακωχεύῃ
1320 2118 1395 2164 τὸν
1413 2121 1539 2165 τόνον
1559 2124 1645 2164 τῶν

269 2187 440 2234 ὅπλων·
478 2187 710 2238 συνθέντες
736 2187 782 2230 δὲ
809 2185 995 2243 ἀγκύρας
1026 2191 1211 2243 κατῆκαν
1243 2189 1528 2245 περιμήκεας,
1566 2188 1645 2241 τὰς

269 2259 345 2312 μὲν
371 2255 483 2312 πρὸς
507 2260 585 2299 τοῦ
612 2256 779 2299 Πόντου
805 2259 881 2312 τῆς
908 2254 1054 2311 ἑτέρης
1078 2259 1163 2298 τιῦν
1190 2253 1357 2310 ἀνέμων
1384 2257 1538 2300 εἵνεκεν
1558 2262 1645 2301 τῶν

270 2326 440 2370 ἔσωθεν
473 2324 750 2376 ἐκπνεόντων,
784 2327 859 2380 τῆς
892 2323 938 2366 δὲ
970 2323 1116 2380 ἑτέρης
1146 2323 1258 2379 πρὸς
1290 2323 1477 2381 ἑσπέρης
1501 2342 1548 2368 τε
1572 2327 1645 2368 καὶ

269 2398 346 2437 τοῦ
378 2393 566 2449 Αἰγαίου
600 2390 727 2449 εὔρου
759 2409 805 2436 τε
836 2393 907 2434 καὶ
938 2391 1066 2435 νότου
1100 2392 1267 2435 εἵνεκεν.
1331 2393 1560 2436 διέκπλοον
1598 2394 1646 2436 δὲ

269 2460 525 2519 ὑπόφαυσιν
562 2460 794 2504 κατέλιπον
825 2464 910 2503 τῶν
948 2463 1292 2517 πεντηκοντέρων
1328 2462 1400 2503 καὶ
1435 2460 1645 2517 τριηρέων

270 2534 437 2586 τριχοῦ,
476 2529 548 2573 ἵνα
572 2531 645 2572 καὶ
671 2528 713 2580 ἐς
737 2527 811 2572 τὸν
836 2528 1002 2572 Πόντον
1029 2528 1099 2586 ἔχῃ
1133 2527 1154 2572 ὃ
1185 2528 1449 2584 βουλόμενος
1480 2529 1645 2572 πλώειν

271 2601 471 2642 πλοίοισι
496 2600 699 2642 λεπτοῖσι
724 2599 796 2640 καὶ
823 2597 865 2641 ἐκ
890 2601 967 2640 τοῦ
986 2597 1155 2641 Πόντου
1178 2596 1274 2650 ἔξω.
1311 2601 1450 2640 ταῦτα
1476 2597 1523 2640 δὲ
1540 2614 1644 2640 ποι-

272 2668 452 2723 ήσαντες
478 2670 718 2710 κατέτεινον
750 2664 794 2708 ἐκ
823 2670 900 2722 γῆς
931 2667 1235 2722 στρεβλοῦντες
1267 2663 1408 2709 ὄνοισι
1433 2666 1644 2718 ξυλίνοισι

274 2734 328 2777 τὰ
355 2732 490 2787 ὅπλα,
532 2732 675 2778 οὖκέτι
697 2735 830 2791 χωρὶς
857 2733 1037 2789 ἑκάτερα
1061 2733 1283 2787 τάξαντες,
1324 2731 1433 2777 ἀλλὰ
1465 2733 1542 2778 δύο
1567 2733 1644 2789 μὲν
