1747 3293
479 248 793 282 ΗΡΟΔΟΤΟΥ
824 248 867 282 Θ.
895 249 1084 284 102—105.
1376 239 1458 281 227

104 320 217 372 μένῳ
243 325 382 368 τυχεῖν
407 314 460 358 τὰ
487 314 643 370 ἔτ’ριστα
674 317 872 369 εἴπασαν,
907 316 981 360 ἐπὶ
1010 316 1156 371 μέντοι
1186 325 1303 360 τοῖσι
1333 317 1462 374 κατή-

102 400 226 426 κουσι
247 384 468 440 πρήγμασι
485 384 620 425 δοκέει
639 400 715 437 μοι
736 382 810 427 αὖτ
819 383 865 427 ὸν
877 388 953 438 μέν
968 401 1015 427 σε
1030 382 1286 428 ἀπελαύνειν
1301 383 1459 437 ὂπίσω,

103 451 346 507 Μαρδόνιον
367 451 424 501 δέ,
447 450 484 492 εἷ
499 449 642 493 ἐθέλει
660 467 706 493 τε
726 453 798 494 καὶ
812 449 1072 495 ὑποδέκεται
1089 456 1227 495 ταῦτα
1246 452 1459 509 ποιήσειν,

103 517 234 561 αὐτοῦ
264 519 518 560 καταλιπεῖν
550 516 626 560 σὺν
655 526 773 561 τοῖσι
806 519 964 562 ἐθέλει.
1019 523 1149 562 τοῦτο
1174 520 1250 574 μὲν
1279 520 1379 575 γάρ,
1412 518 1462 576 ἢν

100 589 454 640 καταστρέψηται
484 585 539 627 τά
575 602 684 642 φησι
721 585 889 630 ἐθέλειν
924 590 997 629 καί
1033 586 1075 629 οἱ
1110 588 1371 644 προχωρήσῃ
1406 586 1462 629 τὰ

100 656 232 696 νοέων
256 654 380 708 λέγει,
409 650 483 695 σὸν
507 651 558 696 τὸ
580 652 712 708 ἔργον,
741 648 775 696 ὦ
796 655 1001 706 δέσποτα,
1028 658 1202 710 γίνεται,
1231 654 1273 697 οἱ
1291 653 1371 710 γὰρ
1392 656 1463 697 σοὶ

103 722 251 764 δοῦλοι
274 720 610 776 κατεργάσαντο,
643 725 773 763 τοῦτο
799 721 864 772 δέ,
895 719 946 777 ἢν
970 720 1024 764 τὰ
1050 721 1218 764 ἐναντία
1242 725 1318 778 τῆς
1341 729 1463 777 Μαρ-

102 788 245 830 δονίου
276 788 448 843 γνώμης
477 790 666 843 γένηται,
702 786 882 841 οὐδεμία
914 787 1115 845 συμφορὴ
1145 789 1307 844 μεγάλη
1341 788 1462 832 ἔσται

101 858 174 898 σέο
199 871 245 897 τε
271 855 521 911 περιεόντος
539 856 610 897 καὶ
625 854 792 897 ἐκείνων
809 859 895 898 τῶν
914 856 1178 910 πρηγμάτων
1206 855 1326 912 [περὶ
1348 853 1462 898 οἷκον

99 922 175 965 τὸν
201 921 312 977 σόν].
349 919 398 977 ἢν
422 920 502 978 γὰρ
529 922 580 964 συ’
605 938 652 964 τε
676 925 852 978 περιέῃς
876 923 946 963 καὶ
973 920 1090 973 οἶκος
1115 920 1137 964 5
1158 923 1246 973 σός,
1274 921 1462 972 πολλοὺς

100 988 311 1039 πολλάκις
342 986 510 1044 άγιῦνας
542 989 800 1044 δραμέονται
832 990 933 1045 περὶ
966 992 1112 1046 σφέων
1138 987 1280 1032 αὐτῶν
1306 989 1348 1031 οἱ
1368 986 1463 1032 Ἕλ-

100 1058 234 1112 ληνες.
282 1056 530 1110 Μαρδονίου
559 1056 624 1107 δέ,
651 1053 701 1112 ἤν
725 1073 768 1098 τι
793 1056 936 1112 πάθῃ,
963 1057 1090 1112 λόγος
1116 1054 1258 1107 οὐδεὶς
1281 1060 1462 1112 γίνεται·

102 1122 203 1166 οὗδέ
230 1139 273 1166 τι
303 1123 512 1174 νικεόντες
538 1122 580 1166 οἱ
600 1120 795 1180 Ἕλληνες
818 1123 1024 1175 νικέουσι,
1059 1124 1210 1166 δοῦλον
1243 1123 1319 1166 σὸν
1351 1121 1464 1166 ἇπο-

100 1192 316 1241 λέσαντες·
343 1189 392 1232 σὺ
421 1190 478 1242 δέ,
505 1194 591 1233 τιῦν
616 1190 769 1233 εἵνεκεν
787 1189 862 1233 τὸν
882 1191 1035 1234 στόλον
1058 1190 1285 1248 ἐποιήσαο,
1313 1192 1463 1245 πυρώ-

101 1274 180 1309 σας
192 1256 269 1309 τὰς
278 1255 460 1314 ᾍθήνας
475 1255 678 1315 άπελᾷς.”
704 1255 823 1315 ἥσθη
838 1275 884 1301 τε
901 1257 951 1315 δὴ
965 1263 1017 1315 τῇ
1032 1260 1269 1315 συμβουλίῃ
1283 1260 1461 1315 Ξέρξης·

99 1325 283 1381 λέγουσα
307 1323 386 1381 γὰρ
414 1324 671 1380 ἐπετύγχανε
695 1325 835 1382 τάπερ
862 1324 990 1376 αὐτὸς
1016 1325 1144 1369 ἐνόεε.
1194 1324 1293 1368 οὐδὲ
1317 1324 1397 1381 γὰρ
1424 1325 1463 1368 εἰ

99 1394 261 1443 πάντες
291 1394 363 1434 καὶ
394 1396 537 1434 πᾶσαι
569 1393 874 1447 συνεβούλευον
911 1391 1027 1449 αὐτῷ
1063 1397 1216 1447 μένειν,
1256 1392 1375 1447 ἔμενε
1412 1390 1463 1435 ἂν

101 1459 263 1503 δοκέειν
277 1459 394 1514 ἐμοί·
422 1457 535 1502 οὕτω
556 1460 892 1517 καταρρωδήκεε.
926 1459 1159 1511 ἐπαινέσας
1179 1461 1224 1503 δὲ
1242 1457 1462 1517 τηνᾍρτε-

98 1532 247 1584 μισίην
265 1527 423 1583 ταύτην
441 1528 518 1581 μὲν
538 1525 798 1571 ἀποστέλλει
819 1526 1008 1583 ἄγουσαν
1029 1525 1159 1571 αὖτοῦ
1178 1526 1280 1578 τοὺς
1298 1528 1462 1578 παῖδας

100 1595 143 1646 ἐς
158 1593 361 1651 Ἔφεσον·
394 1595 523 1638 νόθοι
547 1595 628 1651 γάρ
653 1612 764 1646 τινες
789 1596 947 1646 παῖδές
972 1595 1013 1638 οἱ
1046 1599 1312 1639 συνείποντο.
1362 1611 1460 1638 συν-

99 1666 270 1717 έπεμπε
309 1663 354 1704 δὲ
389 1671 507 1706 τοῖσι
543 1664 675 1705 παισὶ
712 1663 902 1718 φύλακον
929 1660 1193 1718 Ἑρμότιμον,
1231 1662 1352 1718 γένος
1385 1663 1462 1716 μὲν

99 1729 225 1773 ἐόντα
249 1730 472 1785 Πηδασέα,
507 1730 744 1786 φερόμενον
771 1730 816 1772 δὲ
843 1727 891 1772 οὗ
917 1728 972 1772 τὰ
999 1730 1176 1785 δεύτερα
1206 1735 1291 1773 τῶν
1317 1728 1461 1773 εὖνού«

94 1814 182 1851 χων
206 1795 328 1854 παρὰ
352 1799 525 1851 βασιλέϊ
549 1796 614 1853 [οἱ
633 1798 678 1840 δὲ
697 1797 918 1852 Πηδασέες
938 1797 1126 1841 οἰκέουσι
1146 1795 1255 1852 ὑπὲρ
1271 1796 1461 1855 Ἀλικαρ-

96 1868 269 1921 νησσοῦ.
320 1865 361 1906 ἐν
388 1864 434 1906 δὲ
459 1873 576 1907 τοῖσι
603 1865 848 1920 Πηδάσοισι
872 1864 1067 1908 τούτοισι
1092 1865 1261 1908 τοιόνδε
1282 1867 1461 1922 φέρεται

96 1936 275 1989 πρῆγμα
303 1934 527 1986 γίνεσθαι·
565 1931 697 1975 ἐπεὰν
726 1940 843 1974 τοῖσι
881 1929 1158 1988 άμφικτίοισι
1194 1936 1306 1976 πᾶσι
1342 1940 1460 1975 τοῖσι

97 1998 213 2056 ἀμφὶ
237 1999 398 2054 ταύτης
424 1998 615 2042 οἰκέουσι
645 2003 720 2055 τῆς
750 1999 907 2050 πόλιος
931 2001 1062 2055 μέλλῃ
1088 2016 1131 2042 τι
1158 1998 1275 2051 ἐντὸς
1302 2000 1458 2055 χρόνου

97 2067 281 2110 ἔσεσθαι
303 2067 505 2120 χαλεπόν,
532 2066 631 2110 τότε
656 2064 680 2122 ἡ
702 2066 817 2123 ἵρεια
837 2065 998 2109 αὐτόθι
1018 2071 1093 2122 τῆς
1107 2064 1337 2123 Ἀθηναίης
1356 2068 1457 2124 φύει

97 2134 289 2190 πώγωνα
312 2137 457 2190 μέγαν.
493 2138 621 2176 τοῦτο
649 2134 696 2176 δέ
721 2150 803 2191 σφι
829 2135 894 2185 δὶς
913 2132 992 2190 ἤδη
1015 2133 1190 2189 ἐγένετο.
1230 2133 1274 2177 ἐκ
1292 2135 1458 2177 τούτων

97 2201 148 2258 δὴ
171 2206 257 2245 τών
275 2202 511 2257 Πηδασέων
537 2198 559 2244 5
581 2199 835 2258 Ἑρμότιμος
860 2196 929 2258 ἧν]
955 2206 1017 2258 τῷ
1042 2205 1220 2258 μεγίστη
1239 2206 1353 2252 τίσις
1377 2201 1455 2258 ἤδη

97 2267 348 2325 ἀδικηθέντι
372 2267 537 2324 ἐγένετο
562 2269 738 2312 πάντων
761 2273 847 2311 τῶν
871 2267 995 2325 ἡμεῖς
1020 2269 1154 2323 ἰ’δμεν.
1193 2267 1352 2311 ἁλόντα
1375 2269 1456 2326 γὰρ

96 2334 224 2379 αὐτὸν
248 2333 336 2379 ὑπὸ
362 2338 582 2389 πολεμίων
607 2338 678 2378 καὶ
709 2336 984 2390 πωλεόμενον
1015 2334 1191 2379 ὠνέεται
1216 2337 1458 2387 Πανιώνιος

96 2401 199 2460 ἀνὴρ
218 2409 338 2454 Χῖος,
368 2402 415 2454 ὃς
438 2402 513 2459 τὴν
539 2403 636 2459 ζόην
661 2404 953 2459 κατεστήσατο
974 2401 1048 2446 ἀπ’
1066 2403 1197 2459 ἔργων
1218 2401 1457 2446 ἀνοσιωτά-

95 2487 192 2513 των.
232 2467 343 2520 ὅκως
360 2469 440 2526 γὰρ
460 2470 665 2525 κτήσαιτο
685 2471 849 2521 παῖδας
869 2471 1007 2521 εἴδεος
1027 2470 1311 2524 ἐπαμμένους,
1334 2469 1456 2513 ἐκτά-

95 2554 209 2591 μνων
236 2535 414 2592 ἀγινέων
440 2535 603 2579 ἐπώλεε
630 2536 671 2588 ἐς
690 2538 851 2592 Σάρδις
875 2554 920 2580 τε
945 2535 1209 2594 καὶἜφεσον
1224 2538 1455 2594 χρημάτων

94 2605 303 2661 μεγάλων.
341 2603 463 2659 παρὰ
489 2603 569 2659 γὰρ
594 2613 711 2647 τοῖσι
734 2605 999 2661 βαρβάροισι
1023 2605 1276 2661 τιμιώτεροί
1300 2604 1386 2647 εἶσι
1412 2605 1455 2647 οἱ

97 2669 288 2725 εὐνοῦχοι
313 2676 487 2721 πίστιος
514 2671 667 2714 εἵνεκεν
686 2676 761 2728 τῆς
780 2672 925 2728 πάσης
943 2677 1028 2715 τῶν
1048 2671 1259 2729 ἐνορχίων.
1298 2670 1454 2723 ἄλλους

95 2756 141 2782 τε
168 2738 217 2796 δὴ
245 2736 267 2782 5
295 2739 534 2790 Πανιώνιος
560 2738 734 2794 ἐξέταμε
766 2740 976 2793 πολλούς,
1011 2736 1086 2783 ὅτε
1116 2739 1375 2794 ποιεύμενος
1406 2738 1450 2782 ἐκ

1135 2808 1202 2842 15·

1488 1272 1537 1296 103

1488 1609 1535 1633 104

1485 2147 1533 2172 105
