1747 3293
215 651 248 675 49

218 2277 251 2301 51

273 225 356 266 266
684 230 997 264 ΗΡΟΔΟΤΟΥ
1027 229 1054 263 I.
1078 229 1225 265 48—51.

274 303 319 344 δὲ
344 306 427 343 τιῦν
451 299 682 354 βαρβάρων
707 296 840 354 ἡμεῖς,
868 298 960 340 ἰ’σοι
984 297 1096 355 πρὸς
1120 300 1243 350 ἰ’σους
1263 297 1455 353 ἀριθμὸν
1483 297 1637 353 ἐμαχε-

274 369 474 421 σάμεθα;
499 368 571 407 καὶ
596 364 645 422 ἢν
668 366 745 419 μὲν
772 366 896 421 δοκέῃ
923 367 994 407 καὶ
1018 364 1120 416 τοὺς
1146 363 1304 416 ἄλλους
1327 366 1565 420 μάχεσθαι,
1595 365 1637 408 οἱ

272 433 311 477 δ)
330 429 388 476 ὦν
412 437 662 488 μετέπειτεν
687 436 923 487 μαχέσθων
947 430 1142 488 ὕστεροι·
1170 433 1208 475 εἰ
1234 433 1280 475 δὲ
1304 435 1375 476 καὶ
1395 432 1453 490 μὴ
1477 433 1632 486 δοκέοι,

273 500 361 544 ἀλλ’
385 499 519 557 ἡμέας
549 501 736 555 μούνους
769 498 983 555 ἀποχρᾶν,
1022 498 1146 556 ἡμεῖς
1178 501 1224 543 δὲ
1256 501 1636 555 διαμαχεσάμεθα·

273 568 470 625 ὁκότεροι
496 566 536 611 δ’
554 566 604 611 ἂν
632 567 772 624 ἡμέων
791 568 1012 624 νικήσωσι,
1038 569 1221 619 τούτους
1239 573 1301 624 τῷ
1322 565 1487 612 ἅπαντι
1507 585 1638 625 στρα-

273 637 446 693 τοπέδῳ
467 634 624 679 νικᾶν.”
665 633 687 678 5
707 637 784 690 μὲν
803 640 941 678 ταῦτα
961 636 1089 687 εἴπας
1107 653 1152 678 τε
1170 637 1241 678 καὶ
1263 635 1453 689 ἐπισχὼν
1471 637 1634 692 χρόνον,

273 703 332 756 ὥς
347 704 389 747 οἱ
407 702 548 755 οὐδεὶς
569 702 691 747 οῦδὲν
710 702 973 760 ὑπεκρίνετο,
996 700 1302 747 ἀπαλλάσσετο
1324 701 1482 755 ὀπίσω,
1504 701 1639 746 ἀπελ-

273 771 369 816 θὼν
391 772 436 815 δὲ
456 771 659 828 ἐσήμαινε
672 772 904 828 Μαρδονίῳ
924 770 979 814 τὰ
998 771 1310 826 καταλαβόντα.
1349 769 1371 814 5
1393 772 1440 815 δὲ
1459 788 1640 829 περιχα-

276 840 351 898 ρὴς
369 840 593 897 γενόμενος
621 842 691 882 καὶ
719 839 955 896 ἐπαερθεὶς
980 843 1124 896 ψυχρῇ
1143 843 1234 895 νίκῃ
1256 838 1386 896 ἐπῆκε
1403 838 1477 896 τὴν
1496 839 1638 882 ἵππον

275 909 349 951 ἐπὶ
371 907 471 959 τοὺς
486 905 702 963 (Έλληνας.
741 905 800 958 (ῦς
826 908 872 950 δὲ
898 906 1121 963 ἐπήλασαν
1148 907 1190 949 οἱ
1217 907 1417 959 ἱππόται,
1447 906 1637 950 ἐσίνοντο

275 981 423 1020 πᾶσαν
447 974 523 1031 τὴν
550 974 752 1031 στρατιὴν
775 973 851 1031 τὴν
866 973 1104 1031 Ἑλληνικὴν
1132 973 1473 1027 ἐσακοντίζοντές
1492 991 1538 1017 τε
1563 976 1637 1017 καὶ

274 1044 569 1097 ἐστοξεύοντες
596 1040 708 1086 ὥστε
736 1043 1030 1095 ἱπποτοξόται
1054 1059 1101 1085 τε
1128 1041 1268 1093 ἐόντες
1293 1045 1363 1085 καὶ
1391 1046 1640 1099 προσφέρε-

275 1117 387 1155 σθαι
424 1110 600 1167 ἄποροι.
667 1111 742 1167 τήν
778 1128 823 1153 τε
860 1111 1011 1167 κρήνην
1053 1108 1128 1166 τὴν
1165 1114 1435 1167 Γαργαφίην,
1482 1108 1562 1153 ἀπ’
1589 1104 1640 1166 ἧς

277 1179 476 1237 ὑδρεύετο
508 1183 595 1222 πᾶν
626 1177 676 1221 τὸ
710 1176 957 1234 στράτευμα
988 1177 1036 1220 τὸ
1064 1176 1314 1234 Ἑλληνικόν,
1350 1178 1639 1235 συνετάραξαν

275 1250 346 1290 καὶ
372 1250 627 1299 συνέχωσαν.
690 1240 796 1302 ἦσαν
820 1247 897 1299 μὲν
923 1239 981 1287 ὦν
1005 1244 1115 1287 κατὰ
1139 1244 1213 1301 τὴν
1245 1245 1397 1302 κρήνην
1422 1246 1640 1288 Λακεδαι-

274 1315 421 1368 μόνιοι
444 1312 696 1369 τεταγμένοι
720 1317 886 1367 μοῦνοι,
913 1321 1032 1355 τοῖσι
1058 1313 1103 1354 δὲ
1130 1309 1488 1369 ἄλλοισιἝλλησι
1512 1310 1537 1368 ἡ
1562 1313 1639 1367 μὲν

275 1383 400 1438 κρήνη
433 1381 588 1437 πρόσω
622 1380 797 1436 ἐγίνετο,
832 1378 891 1431 (ῦς
923 1380 1098 1423 ἕκαστοι
1129 1380 1275 1433 ἔτυχον
1306 1383 1575 1435 τεταγμένοι,
1615 1377 1638 1423 5

276 1451 322 1492 δὲ
342 1447 539 1500 Ησωπὸς
564 1446 713 1504 ἀγχοῦ·
741 1447 990 1505 ἐρυκόμενοι
1015 1448 1062 1490 δὲ
1088 1445 1177 1490 ἀπὸ
1203 1451 1280 1490 τοῦ
1300 1445 1497 1491 Ἀσωποῦ
1524 1445 1638 1490 οὕτω

277 1517 326 1573 δὴ
355 1516 429 1560 ἐπὶ
453 1515 527 1572 τὴν
552 1517 704 1573 κρήνην
730 1515 948 1572 ἐφοίτεον·
987 1513 1076 1558 ἀπὸ
1108 1520 1185 1558 τοῦ
1211 1520 1413 1570 ποταμοῦ
1446 1516 1527 1571 γάρ
1555 1531 1637 1573 σφι

276 1584 350 1628 οῦκ
377 1585 471 1642 ἐξῆν
496 1581 613 1642 ὕδωρ
640 1587 886 1641 φορέεσθαι
912 1581 1000 1626 ὑπό
1027 1600 1073 1626 τε
1099 1588 1184 1626 τῶν
1212 1583 1384 1627 ἱππέων
1402 1585 1474 1626 καὶ
1491 1585 1642 1636 τοξευ-

275 1654 439 1708 μάτων.

368 1721 528 1764 Τούτου
556 1721 602 1763 δὲ
626 1720 826 1763 τοιούτου
853 1723 1076 1776 γινομένου
1104 1719 1146 1762 οἱ
1169 1724 1255 1762 τιῦν
1275 1717 1482 1776 Ἑλλήνων
1509 1737 1641 1776 στρα-

277 1793 415 1845 τηγοί,
452 1785 528 1831 ἅτε
551 1793 628 1832 τοῦ
653 1805 700 1832 τε
724 1786 884 1839 ὕδατος
911 1792 1198 1845 στερηθείσης
1227 1792 1303 1845 τῆς
1334 1793 1538 1845 στρατιῆς
1567 1790 1640 1831 καὶ

278 1856 365 1900 ’ὑπὸ
391 1861 466 1913 τῆς
491 1857 633 1900 ἵππου
659 1859 998 1913 ταρασσομένης,
1027 1857 1346 1913 συνελέχθησαν
1371 1858 1475 1913 περὶ
1500 1855 1641 1900 αὐτῶν

275 1941 321 1967 τε
345 1924 510 1967 τούτων
534 1926 604 1967 καὶ
632 1921 783 1976 ἄλλων,
819 1924 1022 1975 ἐλθόντες
1054 1922 1177 1978 παρὰ
1202 1929 1451 1981 Παυσανίην
1484 1923 1558 1967 ἐπὶ
1587 1924 1638 1967 τὸ

277 1991 415 2044 δεξιὸν
439 1996 577 2048 κέρας.
628 1990 737 2034 ἄλλα
761 1991 840 2047 γὰρ
866 1992 1030 2034 τούτων
1055 1991 1264 2034 τοιούτων
1291 1990 1447 2035 ἐόντων
1476 1993 1641 2046 μᾶλλόν

278 2076 416 2116 σφεας
454 2059 627 2102 ἐλύπεε·
666 2057 764 2102 οὔτε
800 2058 880 2115 γὰρ
919 2064 1037 2102 σιτία
1075 2057 1186 2112 εἶχον
1219 2058 1300 2112 ἔτι,
1340 2059 1386 2102 οἵ
1417 2063 1464 2102 τέ
1495 2076 1641 2117 σφεων

276 2126 456 2179 ι’)πέονες
481 2125 855 2184 ἀποπεμφθέντες
881 2126 924 2178 ἐς
948 2127 1279 2183 Πελοπόννησον
1306 2125 1365 2178 (ῦς
1396 2126 1639 2172 ἐπισιτιεύ-

276 2212 398 2248 μενοι
424 2193 715 2238 ἆποκεκλέατο
742 2193 829 2238 ῦπὸ
855 2199 932 2251 τῆς
956 2195 1121 2246 ἵππου,
1150 2194 1198 2238 οὗ
1229 2196 1459 2250 δυνάμενοι
1485 2194 1642 2239 ἀπικέ-

279 2268 391 2307 σθαι
416 2262 459 2313 ἐς
483 2262 532 2305 τὸ
561 2263 870 2320 στρατόπεδον.
913 2263 1270 2318 βουλευομένοισι
1296 2264 1342 2306 δὲ
1366 2272 1483 2307 τοῖσι
1510 2280 1641 2322 στρα-

277 2339 448 2387 τηγοῖσι
478 2330 616 2383 ἔδοξε,
656 2329 705 2387 ἢν
735 2329 1070 2387 ὑπερβάλωνται
1102 2330 1261 2388 ἐκείνην
1291 2330 1366 2388 τὴν
1402 2329 1560 2389 ἡμέρην
1599 2332 1642 2375 οἱ

277 2403 444 2453 Πέρσαι
476 2397 693 2455 συμβολὴν
722 2398 780 2455 μὴ
811 2399 1082 2454 ποιεύμενοι,
1118 2398 1160 2450 ἐς
1184 2398 1258 2457 τὴν
1288 2404 1416 2457 νῆσον
1443 2399 1565 2443 ἰέναι.
1614 2398 1640 2457 ἡ

276 2468 324 2510 δέ
349 2466 441 2510 ἐστι
467 2464 557 2510 ἆπὸ
583 2471 661 2510 τοῦ
682 2464 881 2511 Ἀσωποῦ
907 2469 978 2510 καὶ
1003 2471 1079 2524 τῆς
1102 2467 1255 2524 κρήνης
1278 2472 1353 2524 τῆς
1371 2472 1638 2525 Γαργαφίης,

277 2529 390 2592 ἐπ’ᾗ
423 2534 842 2592 ἐστρατοπεδεύοντο
873 2536 991 2588 τότε,
1032 2536 1133 2578 δέκα
1165 2536 1368 2586 σταδίους
1400 2534 1636 2590 ἀπέχουσα,

276 2602 362 2660 πρὸ
398 2607 475 2659 τῆς
504 2605 756 2646 Πλαταιέων
788 2603 958 2655 πόλιος.
1018 2607 1148 2660 νῆσος
1185 2604 1231 2646 δὲ
1263 2600 1374 2646 οὕτω
1409 2601 1461 2647 ἂν
1493 2605 1557 2660 εἴη
1597 2603 1639 2647 ἐν

276 2669 442 2728 ἠπείρῳ
455 2684 465 2693 ’
492 2671 740 2726 σχιζόμενος
761 2669 782 2714 5
803 2670 1003 2725 ποταμὸς
1018 2669 1189 2714 ἄνωθεν
1203 2670 1247 2714 ἐκ
1265 2676 1342 2714 τοῦ
1357 2677 1638 2728 Κιθαιρῶνος

1086 2737 1097 2752 ‘5

277 2739 363 2794 ῥέει
388 2739 503 2781 κάτω
536 2738 578 2790 ἐς
608 2739 656 2782 τὸ
690 2740 854 2793 πεδίον,
891 2740 1040 2793 διέχων
1073 2737 1147 2783 απ)
1166 2737 1359 2796 ἀλλήλων
1389 2739 1443 2783 τὰ
1475 2741 1638 2798 ῥέεθρα
