1747 3293
442 257 755 292 ΗΡΟΔΟΤΟΥ
786 258 830 292 Θ.
856 258 911 292 60.
925 261 961 302 β
980 257 1116 304 y—63.
1373 246 1454 287 211

97 325 266 384 ὀλίγῃσι
291 325 403 382 πρὸς
433 326 618 378 πολλάς,
651 324 702 382 ἢν
726 325 780 368 τὰ
806 325 955 369 οἰκότα
987 324 1030 368 ἐκ
1060 329 1137 368 τοῦ
1168 326 1361 379 πολέμου
1394 322 1460 366 ἐκ-

96 398 235 450 βαίνῃ,
263 392 426 436 πολλὸν
445 393 723 448 κρατήσομεν,
739 392 857 436 -τὸ
878 392 958 451 γὰρ
975 393 1016 436 ἐν
1036 396 1189 449 στεινῷ
1208 395 1460 447 ναυμαχέειν

97 460 209 518 πρὸς
233 458 375 517 ἡμέων
401 459 505 512 ἐστί,
534 460 575 502 ἐν
602 458 837 518 εὐρυχωρίῃ
865 462 911 504 δὲ
931 465 1042 516 πρὸς
1062 460 1242 513 ἐκείνων,
1262 485 1318 491 —
1339 453 1461 510 αὖτις

98 530 145 572 δὲ
169 530 364 582 Σαλαμὶς
388 531 668 585 περιγίνεται,
698 527 741 579 ἐς
765 527 839 584 τὴν
865 526 965 584 ἡμῖν
989 526 1241 571 ὖπεκκέεται
1265 530 1390 570 τέκνα
1414 543 1459 569 τε

98 597 170 638 καὶ
194 604 400 652 γυναῖκες.
438 597 508 637 καὶ
534 597 610 649 μὲν
635 597 706 637 καὶ
731 596 831 639 τόδε
858 595 899 638 ἐν
926 594 1099 638 αὐτοῖσι
1119 595 1266 647 ἐ’νεστι,
1293 598 1370 637 τοῦ
1390 595 1459 636 καὶ

98 666 359 719 περιέχεσθε
383 663 594 717 μάλιστα·
627 661 790 717 ὁμοίιος
816 661 948 705 αὐτοῦ
973 679 1018 705 τε
1042 666 1180 716 μένων
1210 678 1462 719 προναυμα-

97 731 244 787 χήσεις
274 731 606 786 Πελοποννήσου
639 732 710 772 καὶ
736 729 847 785 πρὸς
876 734 937 786 τῷ
959 728 1141 785 Ἰσθμῷ,
1178 727 1278 772 οὐδέ
1308 745 1456 785 σφεας,

101 798 224 854 ε’ίπερ
257 791 301 840 εὖ
334 801 548 854 φρονέεις,
582 795 699 849 ἄξεις
732 796 806 839 ἐπὶ
836 796 909 853 τὴν
940 797 1281 852 Πελοπόννησον.
1332 795 1381 852 ἢν
1413 796 1460 838 δέ

99 882 146 922 γε
170 867 241 908 καὶ
265 864 319 907 τὰ
346 864 426 920 ἐγὼ
454 864 612 916 ἐλπίζω
638 868 809 920 γένηται
833 866 905 906 καὶ
929 864 1169 920 νικήσωμεν
1193 868 1293 920 τῇσι
1322 868 1458 918 νηυσί,

102 931 200 975 οὕτε
230 930 330 986 ὑμῖν
362 932 404 983 ἐς
435 931 508 974 τὸν
536 930 711 985 Ἰσθμὸν
743 935 1009 987 παρέσονται
1041 931 1082 973 οἱ
1116 932 1332 986 βάρβαροι
1364 928 1462 973 οὕτε

101 1000 398 1057 προβήσονται
436 998 649 1053 ἑκαστέρω
687 1003 762 1054 τῆς
795 997 999 1054 Ἀττικῆς,
1045 995 1207 1040 ἀπίασί
1239 1013 1286 1040 τε
1324 995 1465 1040 οὗδενὶ

99 1068 268 1123 κόσμῳ,
302 1067 545 1122 Μεγάροισί
573 1083 620 1108 τε
651 1067 931 1122 κερδανέομεν
962 1069 1186 1120 περιεοῦσι
1216 1066 1285 1106 καὶ
1311 1065 1463 1121 Αἰγίνῃ

100 1137 173 1178 καὶ
202 1136 433 1188 Σαλαμῖνι,
474 1134 516 1176 ἐν
546 1138 598 1191 τῇ
630 1131 730 1189 ἡμῖν
767 1135 838 1175 καὶ
869 1133 1015 1188 λόγιόν
1047 1131 1139 1175 ἐστι
1174 1137 1259 1174 τῶν
1297 1131 1465 1188 ἐχθρῶν

99 1203 352 1258 κατύπερθε
376 1205 596 1256 γενέσθαι.
647 1201 796 1244 οἰκότα
820 1204 896 1254 μέν
920 1219 992 1243 νυν
1015 1202 1368 1254 βουλευομένοισι
1394 1198 1465 1242 ἆν-

102 1270 333 1326 θρώποισι
359 1267 417 1320 ὥς
441 1267 490 1312 τὸ
521 1268 684 1312 ἐπίπαν
718 1268 863 1311 ἐθέλει
893 1272 1114 1324 γίνεσθαι,
1148 1266 1205 1324 μὴ
1238 1268 1284 1310 δὲ
1315 1267 1465 1310 οἰκότα

102 1340 455 1393 βουλευομένοισι
483 1335 558 1378 οὖκ
584 1335 729 1378 ἐθέλει
756 1334 854 1378 οὐδὲ·
874 1334 895 1379 ὁ
918 1334 1025 1386 θεὸς
1044 1339 1336 1392 προσχωρέειν
1355 1334 1466 1390 πρὸς

101 1405 179 1456 τὰς
206 1404 495 1461 ἀνθρωπηίας
520 1402 731 1460 γνιόμας.”
777 1407 912 1446 ταῦτα
938 1402 1134 1458 λέγοντος
1161 1404 1466 1456 Θεμιστοκλέος

104 1467 226 1523 αὖτις
241 1471 262 1515 ὁ
279 1476 516 1526 Κορίνθιος
526 1469 794 1525 Ἀδείμαντος
809 1470 1057 1527 ἐπεφέρετο,
1080 1475 1202 1526 σιγᾶν
1220 1487 1266 1513 τε
1285 1470 1466 1512 κελεύων

102 1545 162 1596 τῷ
187 1541 245 1595 μή
274 1539 365 1582 ἐστι
390 1543 560 1594 πατρίς,
589 1542 659 1581 καὶ
678 1537 953 1594 Εὐρυβιάδην
979 1536 1053 1580 οὔκ
1080 1537 1159 1581 ἒιῦν
1181 1537 1464 1593 ἐπιψηφίζειν

107 1606 244 1651 ἀπόλι
281 1605 423 1662 ἀνδρί·
461 1608 590 1649 πόλιν
627 1606 707 1662 γὰρ
744 1605 818 1648 τὸν
852 1607 1138 1660 Θεμιστοκλέα
1173 1605 1466 1661 παρεχόμενον

105 1672 216 1718 οὕτω
244 1674 407 1717 ἐκέλευε
432 1674 604 1730 γνώμας
630 1674 976 1728 συλιιβάλλεσθαι.
1024 1677 1160 1715 ταῦτα
1192 1674 1238 1714 δέ
1264 1673 1305 1714 οἱ
1335 1676 1466 1729 προέ-

105 1759 222 1800 φερε,
258 1739 327 1785 ὅτι
358 1740 579 1798 ἡλώκεσάν
609 1758 655 1783 τε
686 1743 758 1783 καὶ
788 1745 1032 1794 κατείχοντο
1060 1740 1105 1782 αἱ
1126 1739 1317 1797 Ἀθῆναι.
1365 1740 1465 1782 τότε

106 1809 157 1867 δὴ
184 1807 206 1852 ὃ
235 1811 542 1865 Θεμιστοκλέης
568 1808 724 1851 ἐκεῖνόν
749 1824 796 1851 τε
821 1810 888 1850 καὶ
916 1806 1016 1858 τοὺς
1036 1811 1300 1863 Κορινθίους
1325 1807 1466 1850 πολλά

104 1894 151 1921 τε
175 1878 248 1919 καὶ
271 1875 378 1918 κακὰ
406 1876 537 1930 ἔλεγε,
572 1875 776 1918 ἑωυτοῖσί
804 1892 849 1917 τε
882 1875 1033 1931 ἐδήλου
1067 1876 1180 1930 λόγῳ
1215 1872 1274 1925 ὦς
1305 1875 1368 1930 εἴη
1394 1876 1466 1916 καὶ

105 1945 236 1995 πόλις
260 1946 331 1986 καὶ
355 1948 405 1999 γῆ
431 1943 568 1997 μέζων
593 1941 704 2000 ἥπερ
726 1942 938 1994 ἐκείνοισι,
968 1941 1050 1985 ἴστ’
1070 1941 1120 1985 ι’ἱν
1141 1943 1359 1998 διηκόσιαι
1378 1945 1468 1991 νέες

107 2029 188 2070 σφι
214 2012 319 2055 ἔωσι
344 2013 701 2066 πεπληρωμέναι·
735 2009 952 2064 οὐδαμοὺς
982 2009 1061 2066 γὰρ
1083 2009 1288 2066 Ἑλλήνων
1313 2008 1468 2060 αὐτοὺς

107 2080 311 2130 ἐπιόντας
342 2077 716 2133 ἀποκρούσεσθαι.
768 2082 986 2134 σημαίνων
1019 2079 1064 2120 δὲ
1093 2082 1230 2120 ταῦτα
1259 2078 1465 2133 τῷλόγῳ

108 2149 293 2202 διέβαινε
315 2146 356 2197 ἐς
369 2145 656 2202 Εὐρυβιάδην,
678 2148 810 2201 λέγων
828 2148 991 2199 μᾶλλον
1013 2146 1360 2201 ἐπεστραμμένα·
1382 2143 1465 2187 “σὺ

107 2215 147 2258 εἰ
170 2214 332 2269 μενέεις
358 2212 488 2256 advos)
514 2215 585 2256 καὶ
610 2217 747 2267 μένων
773 2213 892 2256 ἔσεαι
918 2212 1020 2269 ἀνὴρ
1048 2211 1238 2268 ἀγαθός·
1266 2213 1303 2255 εἰ
1330 2213 1376 2255 δὲ
1394 2213 1464 2268 μή,

109 2280 368 2338 ἀνατρέψεις
392 2281 464 2337 τὴν
486 2280 679 2324 Ἑλλάδα.
728 2281 777 2323 τὸ
812 2285 899 2324 πᾶν
929 2280 1009 2337 γὰρ
1035 2279 1135 2336 ἡμῖν
1165 2285 1242 2323 τοῦ
1273 2282 1466 2334 πολέμου

110 2350 295 2407 φέρουσι
321 2349 366 2391 αἱ
391 2353 491 2400 νέες.
536 2347 624 2391 ἀλλ’
643 2349 740 2402 ἐμοὶ
765 2352 939 2391 πείθεο.
990 2348 1028 2390 εἰ
1055 2349 1100 2390 δὲ
1124 2353 1260 2390 ταῦτα
1284 2347 1341 2403 μὴ
1368 2364 1470 2389 ποι-

110 2417 247 2472 ήσεις,
286 2414 409 2472 ἡμεῖς
441 2420 528 2470 μέν,
564 2415 623 2466 ὠς
655 2416 814 2469 ἔχομεν,
856 2414 1142 2469 ἀναλαβόντες
1171 2414 1271 2465 τοὺς
1303 2414 1470 2464 οἰκέτας

111 2485 381 2539 κομιεύμεθα
408 2483 450 2534 ἒς
469 2491 589 2538 Σῖριν
614 2483 689 2539 τὴν
715 2483 757 2525 ἐν
778 2481 944 2539 Ἰταλίῃ,
972 2480 1082 2538 ἥπερ
1111 2480 1289 2538 ἡμετέρη
1310 2481 1357 2524 τὲ
1378 2481 1469 2524 ἔστι

113 2552 158 2595 ἐκ
182 2554 374 2595 παλαιοῦ
401 2550 481 2602 ἔτι,
510 2552 579 2592 καὶ
605 2550 659 2593 τὰ
684 2551 809 2605 λόγια
834 2550 944 2605 λέγει
969 2548 1040 2591 ὑπ’
1058 2548 1199 2605 ἡμέων
1226 2547 1356 2604 αὐτὴν
1383 2549 1470 2590 δεῖν

111 2623 361 2674 κτισθῆναι·
392 2616 515 2671 ὑμεῖς
541 2619 585 2660 δὲ
611 2618 844 2671 συμμάχων
868 2618 1048 2660 τοιῶνδε
1073 2615 1371 2671 μουνωθέντες
1395 2633 1470 2669 με-

113 2687 332 2742 μνήσεσθε
345 2690 430 2728 τιῦν
451 2685 562 2739 ε’μιῦν
582 2682 755 2741 λόγων.”
788 2689 923 2727 ταῦτα
944 2686 989 2727 δὲ
1005 2686 1310 2739 Θεμιστοκλέος
1329 2683 1471 2738 λέγον-

114 2771 187 2805 τος
207 2752 510 2797 ἀνεδιδάσκετο
524 2751 812 2809 Εὐρυβιάδης.
853 2753 1013 2796 δοκέειν
1037 2753 1083 2795 δέ
1101 2769 1190 2806 μοι,
1213 2749 1471 2809 ἀρρωδήσας

1157 2819 1222 2852 14·

1483 807 1513 842 γ)

1490 1417 1520 1441 61

1492 2090 1524 2114 62

1495 2697 1528 2722 63
