1747 3293
432 257 745 292 ΗΡΟΔΟΤΟΥ
776 258 821 292 H.
848 258 914 293 108
931 258 1038 292 -112,
1336 250 1417 291 ]43

61 325 261 380 παρέχων
280 328 339 381 τῴ
354 327 519 382 Ξέρξεω
543 330 711 381 στρατῷ
733 323 1026 369 ἇλλ.”ἕπέλιπε.
1064 323 1087 382 ἡ
1111 327 1155 369 δὲ
1172 327 1290 383 χώρη
1311 324 1417 383 αῦτη

61 391 201 435 πάλαι
237 392 313 446 μὲν
356 391 549 434 ἐκαλέετο
586 393 797 449 Γαλαϊκή,
842 397 913 435 νῦν
951 393 996 436 δὲ
1031 395 1282 451 Βριαντική·
1327 394 1419 437 ἔστι

0 482 1 523 ᾗ
60 462 209 513 μέντοι
233 463 293 514 τῷ
322 459 582 515 δικαιοτάτῳ
603 463 687 502 τῶν
708 460 844 515 λόγων
863 462 934 502 καὶ
955 457 1060 518 αῧτη
1081 462 1284 505 Κικόνων.
1325 462 1418 504 δια-

61 525 144 581 βὰς
171 526 216 569 δὲ
240 530 317 569 τοῦ
343 530 510 569 Λίσσου
542 531 742 581 ποταμοῦ
774 527 823 570 τὸ
857 528 1037 584 ῥέεθρον
1070 526 1419 587 ἀπεξηρασμένον

60 593 192 644 πόλις
211 591 453 650 Ἑλληνίδας
477 593 609 636 τάσδε
628 599 936 649 παραμείβετο,
964 596 1219 651 Μαρώνειαν
1239 601 1419 639 Δίκαιαν

55 658 252 716 Ἄβδηρα.
295 661 457 710 ταύτας
481 676 526 702 τε
553 659 602 716 δὴ
628 661 834 717 παρεξήιε
859 663 929 703 καὶ
953 661 1061 704 κατὰ
1085 663 1244 714 ταύτας
1269 665 1419 718 λίμνας

62 725 332 781 οὖνομαστὰς
363 728 513 778 τάσδε,
552 732 804 783 Μαρωνείης
833 729 909 781 μὲν
938 728 1096 782 μεταξὺ
1128 732 1196 772 καὶ
1222 732 1418 787 Στρύμης

59 798 252 849 κειμένην
278 792 516 851 Ἰσμαρίδα,
555 793 664 837 κατὰ
698 795 743 836 δὲ
774 798 954 837 Δίκαιαν
983 797 1234 848 Βιστονίδα,
1274 796 1317 848 ἐς
1345 797 1418 853 τὴν

59 863 253 915 ποταμοὶ
280 861 356 903 δύο
384 861 537 904 ἐσιεῖσι
562 859 610 903 τὸ
637 857 772 917 ὕδωρ,
810 861 974 915 Τραῦός
997 878 1043 904 τε
1068 864 1139 905 καὶ
1162 864 1417 918 Κόμψατος.

61 927 169 971 κατὰ
196 929 242 970 δὲ
261 926 442 984 Ἄβδηρα
467 930 615 983 λίμνην
639 928 715 981 μὲν
742 925 945 982 οὐδεμίαν
972 928 1124 972 έοῦσαν
1151 927 1418 985 οῦνομαστὴν

59 999 374 1051 παραμείψατο
400 994 576 1050 Ξέρξης,
604 993 802 1048 ποταμὸν
829 996 874 1038 δὲ
898 999 1062 1039 Νέστον
1089 997 1239 1054 ῥέοντα
1265 995 1307 1046 ἒς
1332 997 1419 1038 θά-

59 1064 236 1105 λασσαν.
273 1060 381 1116 μετὰ
409 1062 454 1104 δὲ
478 1062 638 1112 ταύτας
662 1060 739 1112 τὰς
764 1062 907 1119 χώρας
934 1062 1009 1105 ἷιὺν
1028 1062 1105 1114 τὰς
1124 1061 1418 1120 ἠπειρώτιδας

58 1130 190 1180 πόλις
208 1130 379 1185 παρήιε,
407 1133 492 1172 τιῦν
512 1129 554 1172 ἐν
571 1133 649 1185 μιῇ
669 1131 792 1185 λίμνη
809 1128 940 1172 ἐοῦσα
959 1130 1155 1185 τυγχάνει
1176 1128 1279 1173 ὡσεὶ
1299 1131 1418 1187 τριή-

58 1213 185 1239 κοντα
212 1197 399 1240 σταδίων
423 1196 614 1251 μάλιστά
639 1213 687 1253 κῃ
707 1195 781 1252 τὴν
800 1198 1015 1253 περίοδον,
1045 1197 1265 1254 ἰχθυώδης
1284 1214 1329 1240 τε
1348 1200 1418 1240 καὶ

58 1264 194 1321 κάρτα
213 1261 401 1319 ἁλμυρή·
428 1264 583 1320 ταύτην
607 1262 661 1305 τὰ
681 1261 894 1320 ὑποζύγια
918 1269 1055 1318 μοῦνα
1083 1262 1297 1322 ἀρδόμενα
1324 1263 1418 1308 ἂνε-

61 1332 223 1388 ξήρηνε.
261 1335 311 1388 τῇ
339 1331 384 1373 δὲ
410 1332 515 1374 πόλι
539 1331 672 1387 ταύτῃ
701 1328 862 1384 οὔνομά
884 1330 974 1374 ἐστι
993 1336 1220 1387 Πίστυρος.
1258 1333 1418 1383 ταύτας

59 1399 135 1453 μὲν
163 1397 213 1454 δὴ
240 1397 317 1449 τὰς
342 1399 472 1449 πόλις
502 1397 579 1449 τὰς
610 1400 983 1455 παραθαλασσίας
1011 1416 1057 1442 τε
1087 1401 1156 1441 καὶ
1178 1396 1420 1455 Ἑλληνίδας

60 1465 106 1518 ἐξ
131 1463 352 1519 εὐωνύμου
376 1464 520 1522 χειρὸς
540 1463 739 1521 ἀπέργων
759 1467 984 1522 παρεξήιε·
1013 1466 1143 1509 ἔθνεα
1164 1466 1208 1509 δὲ
1231 1471 1419 1524 Θρηίκων

61 1530 114 1575 δι’
133 1526 191 1575 ὦν
220 1536 295 1589 τῆς
322 1533 464 1590 χώρης
496 1530 596 1575 ὁδὸν
624 1532 818 1576 ἐποιέετο
851 1534 1027 1586 τοσάδε,
1064 1542 1220 1576 Παῖτοι
1244 1537 1419 1585 Κίκονες

58 1603 262 1650 Βίστονες
286 1607 482 1644 Σαπαῖοι
508 1606 715 1656 Δερσαῖοι
738 1598 914 1642 Ἠδωνοὶ
946 1600 1123 1655 Σάτραι.
1183 1601 1346 1643 τούτων
1378 1602 1420 1643 οἱ

58 1668 134 1722 μὲν
160 1666 281 1723 παρὰ
306 1668 538 1710 θάλασσαν
563 1671 860 1723 κατοικημένοι
887 1667 928 1710 ἓν
953 1672 1050 1724 τῇσι
1076 1669 1198 1723 νηυσὶ
1224 1668 1418 1710 εἵποντο·

2 1780 5 1783 ,
61 1734 104 1777 οἱ
135 1735 181 1777 δὲ
218 1732 359 1777 αὗτιῦν
394 1733 468 1790 τὴν
498 1735 734 1790 μεσόγαιαν
768 1734 975 1785 οἰκέοντες
1005 1734 1336 1787 καταλεχθέντες
1372 1752 1419 1778 τε

59 1798 268 1856 ὕπ’ἓμεῦ,
306 1799 417 1857 πλὴν
441 1805 652 1857 Σατρέων,
688 1802 728 1843 οἱ
760 1799 883 1844 ἄλλοι
913 1801 1073 1851 πάντες
1098 1801 1204 1857 πεζῇ
1236 1799 1417 1857 ἀναγκα-

60 1868 231 1923 ζόμενοι
256 1868 444 1912 εἵποντο.
483 1869 650 1923 Σάτραι
677 1869 722 1911 δὲ
749 1866 922 1919 οὐδενός
945 1885 1004 1909 κω
1032 1865 1281 1924 ἀνθρώπων
1305 1867 1417 1925 ῦπή-

59 1952 155 1979 κοοι
190 1935 398 1992 ἐγένοντο,
438 1933 541 1979 ὅσον
578 1934 700 1991 ἡμεῖς
736 1936 874 1989 ἰ’δμεν,
916 1933 1024 1977 ἀλλὰ
1062 1934 1330 1978 διατελέουσι
1367 1937 1416 1979 τὸ

59 2007 182 2060 μέχρι
208 2002 307 2057 ἐμεῦ
341 2003 426 2046 αἰεὶ
458 2002 596 2053 ἒόντες
628 2002 853 2057 ἐλεύθεροι
883 2007 1035 2056 μοῦνοι
1062 2006 1268 2058 Θρηίκων·
1308 2004 1413 2046 οἰκέ-

62 2074 160 2113 ουσί
190 2087 236 2113 τε
265 2069 345 2126 γὰρ
373 2068 502 2126 οὔρεα
532 2068 699 2125 ὑψηλά,
732 2070 853 2126 ἰ’δῃσί
876 2086 921 2112 τε
948 2074 1179 2126 παντοίῃσι
1211 2072 1282 2113 καὶ
1303 2072 1418 2124 χιόνι

61 2141 314 2195 συνηρεφέα,
342 2139 413 2180 καὶ
439 2137 523 2180 εἶσὶ
547 2136 600 2179 τὰ
620 2139 810 2191 πολέμια
829 2135 963 2193 ἄκροι,
994 2131 1127 2189 οῦτοι,
1157 2140 1200 2180 οἳ
1217 2142 1293 2180 τοῦ
1314 2146 1417 2181 Διο-

60 2205 191 2248 νύσου
216 2204 266 2248 τὸ
291 2205 499 2260 μαντήιόν
526 2204 610 2247 εἰσι
630 2208 888 2260 κεκτημένοι.
929 2204 977 2247 τὸ
1001 2205 1046 2247 δὲ
1064 2205 1270 2261 μαντήιον
1288 2210 1416 2248 τοῦτο

64 2271 155 2316 ἐστὶ
179 2273 255 2326 μὲν
275 2271 348 2314 ἐπὶ
368 2276 453 2315 τιῦν
474 2269 633 2328 οὐρέων
653 2276 737 2314 τῶν
757 2269 1055 2328 ὑψηλοτάτων,
1082 2274 1249 2328 Βησσοὶ
1270 2273 1314 2315 δὲ
1333 2278 1418 2315 τιῦν

62 2343 262 2396 Σατρέων
294 2339 378 2382 εἶσὶ
410 2339 451 2381 οἱ
480 2340 827 2396 προφητεύοντες
851 2344 926 2381 τοῦ
960 2339 1072 2395 ἱροῦ,
1105 2340 1345 2394 πρόμαντις
1372 2341 1417 2382 δὲ

62 2405 88 2463 ἡ
113 2410 298 2463 χρέουσα
321 2407 514 2462 κατάπερ
542 2405 583 2448 ἒν
603 2408 828 2462 Δελφοῖσι,
856 2408 925 2448 καὶ
948 2404 1069 2448 οῦδὲν
1094 2407 1415 2463 ποικιλώτερον.

148 2474 545 2530 Παραμειψάμενος
571 2474 617 2515 δὲ
644 2471 665 2515 ὃ
693 2473 851 2529 Ξέρξης
876 2471 949 2528 τὴν
976 2472 1208 2528 εἰρημένην,
1238 2473 1414 2530 δεύτερα

64 2541 228 2584 τούτων
253 2544 548 2598 παραμείβετο
579 2544 720 2593 τείχεα
750 2539 803 2582 τὰ
828 2539 1007 2596 Πιέρων,
1045 2544 1130 2581 τῶν
1161 2539 1221 2582 ἑνὶ
1250 2540 1418 2596 Φάγρης

65 2607 158 2652 ἐστὶ
190 2605 352 2662 οὕνομα
381 2609 452 2649 καὶ
488 2605 618 2663 ἑτέρῳ
650 2610 888 2663 Πέργαμος.
948 2606 1079 2662 ταύτῃ
1115 2607 1190 2659 μὲν
1227 2606 1277 2662 δὴ
1313 2606 1414 2664 παρ’

68 2673 176 2718 αὐτὰ
211 2673 264 2717 τὰ
301 2678 443 2727 τείχεα
479 2672 552 2729 τὴν
584 2672 684 2716 ὁδὸν
716 2673 929 2725 ἐποιέετο,
971 2672 1013 2715 ἔκ
1046 2674 1185 2729 δεξιῆς
1213 2672 1337 2731 χερὸς
1366 2673 1415 2717 τὸ

65 2743 285 2798 Πάγγαιον
312 2735 438 2800 οῦρος
464 2738 674 2798 ἀπέργων,
703 2740 772 2783 ἐὸν
796 2740 905 2796 μέγα
930 2757 975 2783 τε
994 2742 1065 2783 καὶ
1084 2738 1264 2796 ὑψηλόν,
1296 2741 1336 2784 ἓν
1356 2746 1416 2797 τῷ

1443 474 1492 500 109

1444 1347 1493 1371 110

1443 1884 1491 1907 111

1442 2488 1490 2511 112
