1747 3293
250 656 278 691 ὁ)

255 1807 280 1841 ζ)

250 2085 279 2116 η)

300 231 382 274 110
679 233 994 270 HPOAOTOT
1025 232 1070 267 Η.
1097 232 1277 279 10-7—27·

301 309 497 363 δεόμενοι
524 304 675 349 Ἰώνων
707 306 838 347 λῦσαι
868 301 941 345 τὸν
973 301 1131 358 πόρον,
1164 309 1283 344 τοῖσι
1314 300 1607 359 ἐπιτέτραπτο
1638 299 1663 358 ἡ
1723 329 1724 334 =

300 373 466 434 φυλακὴ
493 377 578 416 τιῦν
603 374 824 429 γεφυρέων
848 373 926 413 τοῦ
942 367 1123 426 Ἴστρου.
1178 370 1252 411 καὶ
1275 369 1375 412 τότε
1398 385 1445 425 γε
1465 367 1666 420 Ἱστιαῖος
1723 388 1724 392 ’

300 443 321 486 5
343 440 535 497 Μιλήτου
561 440 766 497 τύραννος
792 437 830 481 εἰ
856 437 1074 481 ἐπέσπετο
1099 441 1185 481 τῶν
1212 435 1351 479 ἄλλων
1375 437 1592 494 τυράννων
1613 442 1665 494 τῇ

299 510 444 566 γνώμῃ
482 508 592 564 μηδὲ
628 505 845 563 ἠντιώθη,
887 506 1115 561 διέργαστο
1154 502 1204 547 ἂν
1239 504 1294 547 τὰ
1325 508 1526 562 Περσέων
1555 506 1668 562 πρή-

298 594 453 634 γματα.
502 579 644 618 καίτοι
669 575 742 616 καὶ
767 574 880 629 λόγῳ
909 571 1095 617 ἀκοῦσαι
1121 572 1272 624 δεινόν,
1302 570 1368 616 ἐπ’
1387 570 1512 629 ἀνδρί
1532 589 1580 628 γε
1606 572 1668 616 ἑνὶ

304 646 448 689 πάντα
483 643 537 686 τὰ
574 644 779 697 βασιλέος
816 641 1050 699 πρήγματα
1085 644 1358 697 γεγενῆσθαι.
1426 639 1477 684 σὺ
1515 634 1574 683 ὦν
1608 639 1667 697 μὴ

299 713 454 769 βούλεο
482 711 524 763 ἒς
549 711 740 754 κίνδυνον
765 711 927 767 μηδένα
951 712 1149 752 τοιοῦτον
1182 706 1426 752 ἀπικέσθαι
1457 708 1670 765 μηδεμιῆς

304 780 486 837 ἀνάγκης
512 779 677 836 ἐούσης,
707 777 796 821 ἀλλ’
815 778 912 832 ἐμοὶ
937 781 1113 820 πείθεο.
1163 781 1234 820 νῦν
1259 777 1335 830 μὲν
1360 775 1434 820 τὸν
1459 776 1669 832 σύλλογον

300 849 424 892 τόνδε
445 848 668 891 διάλυσον·
697 841 819 898 αὖτις
840 847 898 898 δέ,
928 843 1031 889 ὅταν
1050 862 1119 888 τοι
1139 844 1277 902 δοκέῃ,
1305 844 1670 902 προσκεψάμενος

304 917 377 960 ἐπὶ
404 920 595 959 σεωυτοῦ
622 914 892 972 προαγόρευε
917 914 971 957 τά
996 930 1066 956 τοι
1092 913 1230 956 δοκέει
1256 910 1366 955 εἶναι
1392 910 1561 968 ἄριστα.
1615 911 1665 954 τὸ

302 984 381 1041 γὰρ
409 978 453 1027 εὖ
478 984 775 1039 βουλεύεσθαι
799 981 948 1039 κέρδος
972 985 1174 1038 μέγιστον
1201 979 1382 1038 εὖρίσκω
1410 979 1499 1024 ἒόν·
1526 979 1564 1023 εἰ
1587 977 1669 1037 γὰρ

302 1055 372 1095 καὶ
400 1052 716 1107 ἐναντιωθῆναί
740 1068 782 1094 τι
809 1049 966 1102 ἐθέλει,
993 1050 1278 1105 βεβούλευται
1302 1049 1378 1103 μὲν
1399 1046 1522 1092 οὐδὲν
1543 1048 1669 1092 ἕσσον
1728 1040 1729 1045 ’

304 1115 361 1173 εὖ,
391 1120 579 1163 ἕσσωται
605 1120 651 1162 δὲ
678 1117 764 1161 ὑπὸ
790 1123 865 1175 τῆς
890 1118 1019 1174 τύχης
1043 1117 1092 1161 τὸ
1112 1118 1352 1172 βούλευμα·
1381 1114 1402 1160 5
1426 1116 1472 1159 δὲ
1490 1117 1670 1171 βουλευ-

304 1190 488 1242 σάμενος
515 1187 714 1244 αἰσχρῶς,
744 1187 785 1229 εἴ
808 1187 849 1229 οἱ
874 1184 897 1242 ἡ
919 1187 1020 1242 τύχη
1044 1185 1291 1237 ἐπίσποιτο,
1322 1182 1486 1241 εὕρημα
1507 1181 1668 1241 εὕρηκε,

305 1256 430 1299 ἕσσον
463 1256 510 1298 δὲ
542 1253 665 1298 οὐδέν
697 1255 739 1297 οἱ
775 1258 915 1304 κακῶς
949 1254 1246 1308 βεβούλευται.
1308 1250 1414 1309 ὁρᾷς
1449 1251 1504 1295 τὰ
1536 1250 1671 1309 ὑπερ-

304 1328 453 1376 έχοντα
479 1323 568 1378 ζῷα
594 1320 652 1372 ὥς
676 1330 877 1378 κεραυνοῖ
903 1319 924 1363 5
952 1320 1060 1371 θεὸς
1082 1318 1182 1363 οὖδὲ
1202 1320 1251 1377 ε’ξι
1271 1320 1588 1377 φαντάζεσθαι,
1615 1318 1671 1363 τὰ

304 1392 350 1434 δὲ
377 1388 536 1446 σμικρὰ
563 1388 686 1432 οὗδέν
710 1407 783 1443 μιν
808 1389 958 1441 κνίζει·
998 1386 1104 1445 ὁρᾷς
1135 1389 1180 1431 δὲ
1214 1386 1272 1439 ὦς
1304 1387 1346 1439 ἒς
1379 1388 1593 1443 οἰκήματα
1616 1387 1672 1431 τὰ

303 1458 485 1514 μέγιστα
504 1457 591 1500 αἰεὶ
609 1459 678 1499 καὶ
701 1457 878 1514 δένδρεα
896 1455 951 1500 τὰ
970 1454 1134 1499 τοιαῦτ’
1147 1454 1424 1513 ἀποσκήπτει
1447 1455 1501 1499 τὰ
1521 1457 1670 1511 βέλεα·

304 1528 446 1584 φιλέει
469 1525 550 1582 γὰρ
578 1523 599 1568 5
627 1523 735 1576 θεὸς
760 1524 813 1567 τὰ
838 1523 1101 1582 ὗπερέχοντα
1127 1525 1271 1567 πάντα
1295 1523 1503 1567 κολούειν,
1555 1520 1669 1567 οὕτω
1731 1575 1732 1579 ¹

305 1593 354 1651 δη
381 1595 453 1636 καὶ
479 1592 663 1651 στρατὸς
683 1592 846 1644 πολλὸς
865 1591 1098 1649 ὑπ’ὀλίγου
1121 1593 1433 1650 διαφθείρεται
1450 1590 1560 1635 κατὰ
1578 1608 1689 1647 τοι(
1731 1617 1732 1622 =

305 1662 419 1705 όνδε·
448 1661 579 1704 ἐπεάν
607 1677 687 1718 σφι
715 1659 736 1704 5
765 1660 871 1712 θεὸς
897 1661 1128 1718 φθονήσας
1154 1661 1293 1718 φόβον
1315 1660 1479 1717 ἐμβάλῃ
1499 1657 1526 1716 ἢ
1545 1663 1672 1716 βρον-
1728 1675 1729 1678 ’

303 1730 390 1786 τήν,
421 1726 472 1772 δι’
492 1723 550 1771 ὦν
576 1728 836 1786 ἐφθάρησαν
863 1727 1050 1781 ἀναξίως
1075 1728 1259 1772 ἑωυτῶν.
1311 1726 1358 1771 οὗ
1384 1727 1465 1785 γὰρ
1487 1726 1536 1785 ἐᾷ
1563 1744 1671 1785 φρο-

305 1801 412 1840 νέειν
437 1800 546 1852 μέγα
578 1796 600 1840 5
627 1796 735 1848 θεὸς
762 1795 890 1841 ἄλλον
922 1795 948 1854 ἢ
974 1796 1148 1840 ἑωυτόν.
1211 1796 1470 1853 ἐπειχθῆναι
1498 1799 1576 1851 μέν
1600 1814 1671 1840 νυν

306 1870 394 1908 πᾶν
425 1868 602 1921 πρῆγμα
631 1869 766 1908 τίκτει
804 1865 1058 1923 σφάλματα,
1100 1864 1143 1908 ἐκ
1179 1868 1263 1908 τῶν
1303 1864 1451 1920 ζημίαι
1485 1863 1672 1921 μεγάλαι

308 1935 509 1990 φιλέουσι
533 1937 755 1989 γίνεσθαι·
783 1932 824 1975 έν
846 1934 892 1976 δὲ
909 1937 971 1990 τῷ
992 1932 1186 1987 ἐπισχεῖν
1207 1931 1343 1976 ἔνεστι
1364 1930 1527 1988 ἀγαθά,
1557 1931 1670 1989 εἰμὴ

306 2004 554 2058 παραυτίκα
585 2001 787 2043 δοκέοντα
819 1998 945 2053 εἶναι,
987 1999 1075 2043 ἀλλ’
1101 1999 1182 2044 ἀνὰ
1210 2000 1363 2055 χρόνον
1402 2000 1569 2057 ἐξεύροι
1606 2017 1672 2050 τις

307 2068 370 2112 ἂν.
410 2070 479 2112 σοὶ
505 2069 580 2122 μὲν
607 2067 657 2125 δὴ
683 2073 831 2120 ταῦτα,
862 2062 895 2110 ὦ
920 2070 1114 2122 βασιλεῦ,
1145 2061 1447 2123 συμβουλεύω·
1475 2067 1526 2112 σὺ
1549 2069 1606 2121 δέ,
1637 2062 1671 2111 ὦ

307 2146 393 2180 παῖ
409 2137 637 2193 Γωβρύεω,
666 2136 896 2191 Μαρδόνιε,
925 2141 1095 2179 παῦσαι
1121 2138 1253 2192 λέγων
1278 2137 1433 2193 λόγους
1458 2140 1673 2191 ματαίους

306 2207 409 2262 περὶ
429 2203 634 2261 Ἑλλήνιον
661 2202 736 2246 οὐκ
762 2203 918 2247 ἐόντων
944 2202 1076 2256 ἀξίων
1109 2204 1315 2261 φλαύρως
1346 2203 1532 2248 ἀκούειν.
1578 2201 1673 2248 Ἕλ-

307 2275 435 2329 ληνας
459 2271 539 2329 γὰρ
567 2272 811 2328 διαβάλλων
844 2271 1062 2328 ἐπαείρεις
1094 2270 1224 2314 αὐτὸν
1255 2272 1440 2326 βασιλέα
1467 2272 1672 2329 στρατεύ-

308 2345 461 2384 εσθαι·
494 2338 626 2384 αὐτοῦ
654 2340 700 2383 δὲ
724 2340 880 2383 τούτου
908 2340 1062 2382 εἵνεκεν
1095 2340 1256 2391 δοκέεις
1280 2356 1357 2394 μοι
1388 2344 1536 2383 πᾶσαν
1561 2358 1672 2398 προ-

306 2413 470 2466 θυμίην
497 2408 706 2452 ἐκτείνειν.
743 2408 801 2465 μή
828 2425 899 2450 νυν
920 2404 1032 2451 οῧτω
1053 2407 1236 2463 γένηται.
1276 2406 1457 2465 διαβολὴ
1476 2408 1558 2466 γάρ
1579 2408 1672 2452 ἔστι

308 2477 574 2520 δεινότατον·
612 2475 654 2519 ἓν
684 2480 734 2533 τῇ
769 2476 844 2518 δύο
875 2478 952 2530 μέν
985 2475 1071 2518 εἶσι
1103 2475 1145 2518 οἱ
1176 2473 1436 2528 ἀδικέοντες,
1477 2474 1539 2528 εἷς
1570 2477 1616 2520 δὲ
1647 2475 1670 2519 5

308 2543 596 2599 ἀδικεόμενος.
658 2541 680 2587 5
706 2544 782 2599 μὲν
806 2543 886 2601 γὰρ
915 2543 1160 2598 διαβάλλων
1194 2541 1356 2587 ἀδικέει
1388 2542 1435 2587 οὗ
1462 2544 1671 2602 παρεόντι

307 2609 616 2670 ἔπηγορέων,ὃ
644 2613 691 2655 δὲ
717 2610 878 2655 ἀδικέει
905 2610 1257 2667 ἀναπειθόμενος
1281 2613 1384 2668 πρὶν
1408 2609 1435 2668 ἢ
1461 2610 1671 2669 ἀτρεκέως

309 2680 498 2738 ἐκμάθῃ·
538 2679 559 2724 5
588 2681 635 2724 δὲ
661 2679 711 2738 δὴ
739 2678 886 2724 ἀπεών
910 2684 987 2724 τοῦ
1013 2680 1142 2737 λόγου
1174 2680 1279 2723 τάδε
1304 2679 1346 2723 ἓν
1373 2677 1544 2725 αὐτοῖσι
1575 2678 1670 2724 ἀδι-

307 2753 459 2801 κέεται,
490 2749 746 2806 διαβληθείς
771 2765 815 2792 τε
841 2746 929 2792 ὑπὸ
955 2753 1031 2792 τοῦ
1052 2748 1196 2807 ἑτέρου
1217 2750 1288 2791 καὶ
1311 2750 1541 2803 νομισθεὶς
1559 2748 1671 2807 πρὸς
