1747 3293
473 267 785 304 ΗΡΟΔΟΤΟΥ
814 269 861 304 Η.
886 269 1031 305 51-54.
1352 260 1432 303 127

70 334 216 390 θυμὸν
236 328 294 378 ὧν
317 335 474 390 βάλλεο
500 338 572 379 καὶ
596 336 646 380 τὸ
672 336 862 382 παλαιὸν
888 337 1005 391 ἔπος,
1035 336 1093 389 ὥς
1112 331 1156 381 εὖ
1178 337 1356 395 εἴρηται,
1382 337 1431 380 τὸ

69 402 128 459 μὴ
155 399 246 457 ἅμα
271 400 377 460 ἀρχῇ
397 407 485 446 πᾶν
504 405 626 455 τέλος
645 403 1037 462 καταφαίνεσθαι.”
1078 404 1302 461 ἀμείβεται
1320 404 1432 461 πρὸς
1455 419 1489 444 52

69 474 210 514 ταῦτα
227 472 388 527 Ξέρξης
407 468 675 526 ι“.ἷ1ρτοὲβανε,
702 476 788 515 τῶν
815 470 1044 531 ἀπεφήναο
1071 476 1271 529 γνωμέων
1293 470 1433 530 σφάλ-

69 538 165 580 λεαι
189 537 297 581 κατὰ
321 539 478 594 ταύτην
499 537 548 594 δὴ
568 539 771 593 μάλιστα,
800 538 1003 592 ὃς”Ιωνας
1023 542 1182 598 φοβέαι
1223 540 1280 598 μὴ
1300 557 1432 596 μετα-

67 606 282 660 βάλλωσι,
310 611 393 648 τῶν
420 606 567 661 ἔχομεν
590 611 739 662 γνῶμα
762 611 974 663 μέγιστον,
1007 613 1093 652 τῶν
1120 609 1170 652 σύ
1196 625 1242 652 τε
1266 608 1432 665 μάρτυς

67 676 206 728 γίνεαι
225 676 296 716 καὶ
319 674 360 716 οἱ
380 674 802 732 συστρατευσάμενοι
816 680 986 731 Δαρείῳ
1009 673 1133 718 ἄλλοι
1154 675 1228 718 ἐπὶ
1240 676 1430 727 Σκύθας,

69 737 139 784 ὅτι
170 740 245 784 ἐπὶ
275 741 471 785 τούτοισι
501 739 525 797 ἡ
559 745 684 784 πᾶσα
712 742 899 799 Περσικὴ
933 741 1109 799 στρατιὴ
1142 742 1304 798 ἐγένετο
1337 743 1433 785 δια-

69 812 259 865 φθεῖραι
283 807 309 865 ἢ
333 813 644 867 περιποιῆσαι·
672 807 714 850 οἱ
739 809 784 851 δὲ
804 809 1076 866 δικαιοσύνην
1095 811 1167 851 καὶ
1189 810 1432 866 πιστότητα

69 874 289 929 ἐνέδωκαν,
318 874 447 933 ἄχαρι
473 876 519 919 δὲ
545 874 681 918 οὐδέν.
742 876 884 931 πάρεξ
908 877 954 919 δὲ
977 876 1152 928 τούτου,
1187 875 1229 919 ἐν
1252 880 1304 932 τῇ
1329 875 1433 932 ἡμε-

66 947 166 999 τέρῃ
204 943 523 994 καταλιπόντας
553 942 678 986 τέκνα
712 960 759 986 τε
795 945 867 986 καὶ
902 953 1104 1000 γυναῖκας
1134 945 1206 986 καὶ
1234 943 1433 1000 χρήματα

69 1008 162 1053 οὖδῖ
181 1009 467 1066 ἐπιλέγεσθαι
488 1009 567 1067 χρὴ
594 1011 800 1068 νεώτερόν
830 1029 873 1055 τι
904 1012 1118 1067 ποιήσειν.
1180 1007 1292 1054 οὕτω
1323 1012 1432 1068 μηδὲ

67 1082 196 1122 τοῦτο
222 1082 372 1135 φοβέο,
401 1077 510 1121 ἀλλὰ
536 1077 680 1133 θυμὸν
706 1078 810 1132 ἔχων
837 1077 1007 1135 ἀγαθὸν
1029 1080 1138 1131 σῶζε
1159 1077 1275 1122 οἶκόν
1293 1096 1339 1122 τε
1357 1078 1431 1122 τὸν

68 1145 170 1197 ἐμὸν
194 1148 266 1189 καὶ
290 1147 520 1202 τυραννίδα
544 1145 617 1203 τὴν
644 1145 766 1203 ἐμήν·
793 1148 863 1190 σοὶ
888 1146 968 1204 γὰρ
990 1145 1071 1202 ἐγὼ
1091 1146 1236 1203 μούνῳ
1258 1145 1302 1190 ἐκ
1320 1147 1432 1197 πάν-

64 1230 151 1257 των
177 1218 375 1270 σκῆπτρα
398 1212 453 1256 τὰ
481 1212 562 1268 ἐμὰ
589 1212 861 1271 ἐπιτράπωῖ1

156 1285 299 1324 Ταῦτα
337 1282 465 1332 εἴπας
500 1283 571 1324 καὶ
602 1279 858 1338 Ἀρτάβανον
896 1281 1162 1334 ἀποστείλας
1206 1282 1247 1334 ἐς
1283 1287 1431 1327 Σοῦσα

67 1349 248 1406 δεύτερα
282 1353 595 1404 μετεπέμψατο
627 1352 786 1407 Ξέρξης
816 1354 1017 1406 Περσέων
1048 1349 1149 1401 τοὺς
1187 1351 1431 1405 δοκιμωτά-

64 1433 184 1468 τους,
218 1415 315 1459 ἐπεὶ
341 1416 389 1459 δέ
420 1417 462 1460 οἱ
490 1421 703 1474 παρῆσαν,
739 1417 854 1473 ἔλεγέ
885 1434 965 1475 σφι
998 1418 1111 1461 τάδε.
1156 1412 1224 1460 “13
1249 1422 1427 1473 Πέρσαι,

63 1481 295 1539 τῶνδ’ἐγώ
326 1481 468 1538 ὗμέων
495 1486 678 1542 χρηίζων
711 1487 931 1538 συνέλεξα,
967 1484 1126 1543 ἄνδρας
1156 1503 1201 1529 τε
1227 1490 1430 1542 γίνεσθαι

66 1549 264 1607 ἀγαθοὺς
287 1553 360 1594 καὶ
384 1552 441 1608 μη
467 1553 764 1606 καταισχύνειν
788 1552 842 1596 τὰ
867 1554 1043 1611 πρόσθε
1064 1553 1302 1610 ἐργασμένα
1320 1554 1431 1610 Πέρ-

66 1635 185 1676 σῃσι,
214 1619 340 1662 ἐόντα
364 1620 530 1675 μεγάλα
554 1638 599 1663 τε
625 1622 696 1663 καὶ
723 1622 888 1664 πολλοῦ
916 1619 1036 1674 ἄξια,
1066 1619 1154 1663 ἀλλ’
1176 1620 1238 1672 εἷς
1262 1638 1308 1664 τε
1335 1622 1431 1664 ἕκα-

65 1703 167 1738 στος
202 1689 273 1730 καὶ
312 1687 353 1730 οἱ
391 1688 637 1741 σύμπαντες
674 1692 929 1745 προθυμίην
967 1689 1145 1743 ἔχωμεν·
1191 1688 1312 1741 ξυνὸν
1348 1689 1429 1746 γὰρ

63 1759 193 1800 τοῦτο
220 1759 333 1799 πᾶσι
359 1752 529 1810 ἀγαθὸν
556 1756 805 1799 σπεύδεται.
866 1757 1001 1799 τῶνδε
1034 1757 1079 1798 δὲ
1105 1756 1257 1799 εἵνεκεν
1289 1774 1430 1814 προα-

63 1824 228 1881 γορεύω
268 1821 529 1876 ἀντέχεσθαι
565 1827 641 1866 τοῦ
679 1825 873 1878 πολέμου
912 1823 1215 1878 ἐντεταμένως·
1254 1822 1311 1874 ὥς
1348 1824 1429 1879 γὰρ

66 1890 148 1948 ἐγώ
169 1890 466 1945 πυνθάνομαι,
496 1888 561 1933 ἐπ’
575 1889 732 1949 ἄνδρας
754 1892 1086 1946 στρατευόμεθα
1107 1890 1317 1947 ἀγαθούς,
1344 1896 1429 1934 τῶν

64 1957 114 2016 ἢν
144 1959 434 2016 κρατήσωμεν,
476 1956 524 2001 οὗ
557 1962 613 2015 μη
646 1976 712 2009 τις
745 1957 843 2014 ἡμῖν
875 1957 1003 2010 ἄλλος
1034 1958 1216 2016 στρατὸς
1254 1957 1428 2016 ἀντιστῇ

64 2044 161 2070 κοτε
187 2025 451 2082 ἀνθρώπων.
511 2030 581 2068 νῦν
609 2027 654 2069 δὲ
681 2027 970 2082 διαβαίνωμεν
997 2026 1281 2082 ἐπευξάμενοι
1312 2036 1430 2071 τοῖσι

64 2099 215 2138 θεοῖσι
242 2097 285 2137 οἳ
307 2094 500 2151 Περσίδα
526 2099 600 2151 γῆν
626 2092 892 2150 λελόγχασι.”

153 2163 316 2219 Ταύτην
345 2163 422 2217 μὲν
452 2160 526 2218 τὴν
558 2160 715 2219 ἡμέρην
746 2163 1118 2218 παρεσκευάζοντο
1154 2163 1196 2214 ἐς
1226 2162 1300 2219 τὴν
1334 2164 1429 2206 διά-
1454 2177 1467 2202 5

64 2235 214 2287 βασιν·
258 2234 309 2287 τῇ
347 2231 393 2272 δὲ
437 2227 641 2288 ὑστεραίῃ
682 2229 882 2284 ἀνέμενον
924 2229 998 2274 τὸν
1044 2228 1161 2287 ἣλιον
1204 2230 1430 2283 ἐθέλοντες

67 2299 247 2342 ἰδέσθαι
273 2296 512 2351 ἀνίσχοντα,
540 2298 801 2355 θυμιήματά
827 2315 871 2341 τε
892 2307 1081 2342 παντοῖα
1103 2298 1177 2342 ἐπὶ
1196 2304 1280 2342 τιῦν
1299 2317 1431 2356 γεφυ-«

67 2371 174 2423 ρέων
199 2366 495 2421 καταγίζοντες
515 2367 585 2408 καὶ
604 2370 835 2422 μυρσίνῃσι
858 2366 1105 2421 στορνύντες
1124 2366 1198 2421 τὴν
1219 2365 1333 2409 ὁδόν.
1373 2366 1431 2418 ὠς

69 2433 109 2478 δ’
128 2434 379 2478 ἐπανέτελλε
406 2432 428 2476 ὃ
453 2430 585 2488 ἥλιος,
615 2435 810 2476 σπένδων
832 2433 875 2476 ἐκ
891 2438 1074 2490 χρυσέης
1094 2435 1253 2490 φιάλης
1272 2437 1431 2491 Ξέρξης

69 2503 112 2554 ἐς
135 2501 209 2559 τὴν
234 2501 466 2544 θάλασσαν
492 2499 636 2553 εὔχετο
664 2499 775 2556 πρὸς
799 2500 872 2544 τὸν
901 2498 1018 2556 ἣλιον
1037 2502 1250 2556 μηδεμίαν
1271 2501 1313 2544 οἱ
1334 2518 1430 2545 συν-

69 2575 214 2626 τυχίην
238 2568 440 2624 τοιαύτην
464 2572 681 2624 γενέσθαι,
710 2566 736 2624 ἥ
759 2586 832 2622 μιν
851 2568 1011 2611 παύσει
1036 2572 1432 2625 καταστρέψασθαι

69 2637 142 2695 τὴν
162 2635 380 2693 Εὐρώπην
404 2636 616 2692 πρότερον
642 2633 667 2692 ἢ
694 2635 767 2678 ἐπὶ
792 2639 974 2690 τέρμασι
993 2644 1110 2679 τοῖσι
1131 2635 1288 2692 ἐκείνης
1312 2640 1431 2692 γένη-

70 2723 156 2749 ται.
195 2703 424 2759 εὐξάμενος
445 2704 489 2746 δὲ
511 2703 687 2757 ἐσέβαλε
706 2702 779 2759 τὴν
799 2703 958 2760 φιάλην
979 2703 1021 2754 ἐς
1038 2702 1110 2747 τὸν
1120 2701 1430 2759 Ἑλλήσποντον

71 2776 142 2817 καὶ
170 2774 350 2829 χρύσεον
380 2775 567 2829 κρητῆρα
597 2773 667 2813 καὶ
698 2770 907 2827 Περσικὸν
940 2772 1082 2828 ξίφος,
1122 2770 1195 2815 τὸν
1232 2768 1431 2830 ἀκινάκην

1455 1296 1488 1321 53
