1747 3293
197 1134 228 1158 19

253 233 337 275 252
664 236 978 272 ΗΡΟΔΟΤΟΥ
1008 236 1036 270 Ι.
1062 236 1206 271 18-21.

252 311 393 365 πάντῃ
427 311 748 362 συστρέψαντες
780 303 967 354 ἑωυτοὺς
998 306 1069 347 καὶ
1104 306 1408 357 πυκνώσαντες
1439 303 1498 357 ὦς
1532 307 1619 361 μά-

251 380 391 421 λιστα.
454 375 647 417 ἐνθαῦτα
673 372 715 415 οἱ
741 372 930 415 ἱππόται
962 370 1236 429 ὑπέστρεφον
1266 375 1338 416 καὶ
1369 372 1618 430 ἀπήλαυνον

253 444 412 488 ὀπίσω.
475 440 548 484 οὐκ
581 441 661 494 ἔχω
695 437 735 483 δ’
760 437 971 496 ἀτρεκέως
1003 439 1142 483 εἰπεῖν
1175 438 1273 484 οὕτε
1305 441 1343 484 εἰ
1373 435 1510 498 ἦλθον
1541 442 1618 496 μὲν

252 510 510 560 ἀπολέοντες
540 508 641 559 τοὺς
675 507 849 558 Φωκέας
881 508 1124 564 δεηθέντων
1158 510 1396 561 Θεσσαλῶν,
1437 509 1533 553 ἐπεὶ
1571 509 1618 552 δὲ

253 577 387 634 ιῖίρεον
407 576 518 632 πρὸς
539 574 737 632 ἀλέξησιν
757 578 1068 632 τραπομένους,
1092 576 1310 628 δείσαντες
1328 575 1386 632 μὴ
1405 578 1477 619 καὶ
1490 580 1620 634 σφίσι

251 650 423 702 γένηται
447 644 667 700 τρώματα,
697 640 809 686 οὕτω
832 642 882 698 δὴ
904 640 1153 699 ἀπήλαυνον
1174 641 1318 688 ὀπίσω
1339 643 1417 697 (ὣς
1434 644 1515 699 γάρ
1538 660 1620 701 σφι

253 714 490 756 ἐνετείλατο
511 712 787 766 Μαρδόνιος),
817 708 904 753 οὔτ’
923 710 961 753 εἰ
980 708 1122 754 αὖτῶν
1143 715 1411 768 πειρηθῆναι
1429 710 1620 767 ἠθέλησε

253 782 294 824 εἴ
315 799 358 824 τι
384 778 512 837 ἀλκῆς
536 783 778 834 μετέχουσι.
823 776 882 829 ιῦς
908 778 954 820 δὲ
980 776 1124 822 ὀπίσω
1152 775 1382 833 ἀπήλασαν
1409 779 1452 822 οἱ
1478 779 1616 822 ἱππό-

251 866 336 901 ται,
365 852 549 904 πέμψας
568 847 815 904 Μαρδόνιος
835 846 995 902 κήρυκα
1018 846 1132 902 ἔλεγε
1151 846 1275 889 τάδε·
1296 844 1555 903 αθαρσέετε,
1585 840 1620 888 ὦ

256 920 433 967 Φωκέες.
483 913 633 971 ἄνδρες
657 914 738 970 γὰρ
765 914 951 971 ἐφάνητε
977 913 1119 965 ἐόντες
1144 911 1321 969 ἀγαθοί,
1351 912 1427 957 οὐκ
1447 911 1506 965 ὥς
1531 913 1615 970 ἐγὼ

255 984 574 1040 ἐπυνθανόμην.
634 985 706 1025 καὶ
737 986 807 1025 νῦν
843 981 1090 1036 προθύμως
1126 985 1279 1038 φέρετε
1314 980 1389 1025 τὸν
1425 981 1618 1035 πόλεμον

254 1057 424 1095 τοῦτον·
463 1049 730 1107 εὐεργεσίῃσι
761 1048 841 1105 γὰρ
877 1046 925 1091 οὗ
960 1046 1151 1105 νικήσετε
1184 1046 1282 1092 οὕτε
1320 1043 1378 1092 ὦν
1417 1048 1491 1103 ἐμὲ
1522 1047 1622 1092 οὔτε

252 1116 476 1174 βασιλέα.”
508 1117 563 1161 τὰ
583 1119 685 1172 περὶ
708 1116 887 1160 Φωκέων
906 1117 982 1170 μὲν
1003 1116 1045 1168 ἒς
1070 1121 1252 1160 τοσοῦτο
1279 1115 1454 1172 ἐγένετο,
1481 1124 1623 1160 Λακε-

256 1187 477 1241 δαιμόνιοι
503 1187 548 1228 δὲ
575 1183 634 1236 ὥς
660 1184 702 1235 ἐς
732 1184 805 1226 τὸν
827 1182 1003 1237 Ἰσθμὸν
1034 1178 1186 1238 ἦλθον,
1221 1183 1262 1226 ἐν
1293 1184 1435 1240 τούτῳ
1468 1184 1623 1241 ἐστρα-

254 1254 554 1297 τοπεδεύοντο.
614 1251 941 1305 πυνθανόμενοι
974 1252 1020 1293 δὲ
1050 1256 1188 1294 ταῦτα
1227 1251 1269 1294 οἱ
1305 1253 1456 1294 λοιποὶ
1486 1254 1624 1295 Πελο-

254 1321 501 1377 ποννήσιοι,
535 1328 652 1362 τοῖσι
682 1318 736 1361 τὰ
769 1317 929 1372 ἀμείνω
960 1315 1132 1374 ἥνδανε,
1174 1318 1216 1361 οἱ
1247 1319 1294 1361 δὲ
1323 1320 1397 1361 καὶ
1428 1317 1624 1375 ὁρέοντες

257 1388 449 1440 ἐξιόντας
467 1387 760 1443 Σπαρτιήτας,
790 1384 865 1428 οὐκ
885 1385 1095 1428 ἐδικαίευν
1119 1387 1358 1429 λείπεσθαι
1377 1391 1451 1443 τῆς
1471 1387 1622 1440 ἐξόδου

254 1457 626 1510 Λακεδαιμονίων.
689 1454 733 1497 ἐκ
771 1453 822 1510 δὴ
862 1447 919 1495 ὧν
957 1458 1034 1496 τοῦ
1063 1451 1241 1508 Ἰσθμοῦ
1279 1455 1625 1511 καλλιρησάντων

254 1529 339 1568 τιῦν
367 1524 469 1581 ἱρῶν
503 1523 764 1579 ἐπορεύοντο
795 1518 973 1572 πάντες,
1006 1523 1078 1564 καὶ
1110 1519 1389 1565 ἀπικνέονται
1421 1521 1464 1573 ἐς
1485 1521 1626 1566 Ἐλευ-

257 1601 374 1636 σῖνα·
401 1592 665 1648 ποιήσαντες
692 1591 737 1633 δὲ
762 1592 834 1632 καὶ
861 1588 1054 1632 ε’νθαῦτα
1081 1589 1172 1646 ἱρά,
1203 1587 1262 1640 ὥς
1288 1605 1370 1646 σφι
1395 1589 1624 1647 ἓκαλλίρεε,

255 1660 305 1703 τὸ
338 1660 493 1716 πρόσω
526 1658 806 1715 ἐπορεύοντο,
842 1655 1068 1714 Ἀθηναῖοι
1100 1658 1146 1700 δὲ
1178 1654 1268 1712 ἅμα
1301 1655 1489 1710 αὐτοῖσι,
1530 1660 1627 1702 δια-

256 1728 408 1782 βάντες
432 1727 509 1781 μὲν
535 1726 578 1770 ἐκ
598 1728 854 1780 Σαλαμῖνος,
883 1728 1163 1781 συμμιγέντες
1183 1726 1229 1768 δὲ
1249 1724 1291 1768 ἐν
1306 1722 1526 1769 Ἐλευσῖνι.
1566 1723 1627 1778 ὥς

259 1797 305 1838 δὲ
337 1793 421 1850 ἄρα
454 1793 663 1838 ἀπίκοντο
695 1797 771 1850 τῆς
795 1797 1011 1849 Βοιωτίης
1043 1792 1085 1844 ἒς
1111 1791 1344 1850 Ἐρυθράς,
1379 1792 1549 1848 ἔμαθόν
1578 1811 1626 1837 τε

260 1863 309 1919 δι’]
336 1862 436 1913 τοὺς
459 1862 707 1918 βαρβάρους
734 1861 808 1904 ἐπὶ
833 1865 894 1917 τῷ
915 1859 1097 1916 Σίσωπῴ
1131 1861 1623 1917 στρατοπεδευομένους,

259 1934 531 1988 φρασθέντες
558 1930 603 1972 δὲ
627 1933 755 1972 τοῦτο
783 1928 1095 1972 ἀντετάσσοντο
1123 1927 1198 1972 ἐπὶ
1222 1933 1297 1986 τῆς
1321 1927 1522 1986 ὑπωρέης
1547 1933 1624 1973 τοῦ

201 2013 216 2038 2
258 2002 552 2052 Κιθαιρῶνος.
590 1997 837 2054 Μαρδόνιος
858 1996 915 2048 δέ,
946 1993 1005 2045 ὡς
1026 1994 1073 2038 οὗ
1095 2000 1345 2051 κατέβαινον
1372 1994 1626 2053 οἱἝλληνες

261 2066 303 2118 ἒς
332 2064 381 2109 τὸ
414 2066 579 2117 πεδίον,
618 2069 785 2119 πέμπει
817 2063 860 2114 ἒς
890 2061 1046 2114 αότοὺς
1078 2068 1224 2107 πᾶσαν
1254 2064 1327 2120 τὴν
1359 2064 1511 2118 ἵππον,
1550 2070 1627 2122 τῆς

262 2135 477 2190 ἱππάρχεε
502 2138 744 2183 Μασίστιος
770 2130 1031 2186 εὐδοκιμέων
1056 2131 1178 2187 παρὰ
1202 2136 1414 2189 Πέρσῃσι,
1441 2133 1515 2176 τὸν
1531 2130 1627 2177 Ἔλ-

259 2205 380 2259 ληνες
404 2205 640 2244 Μακίστιον
665 2202 879 2250 καλέουσι,
906 2199 1047 2242 ἵππον
1073 2199 1178 2252 ἔχων
1202 2206 1388 2244 Νισαῖον
1410 2202 1625 2257 χρυσοχά-

260 2271 377 2313 λινόν
414 2286 459 2312 τε
495 2270 566 2311 καὶ
605 2266 745 2318 ἄλλως
781 2270 1096 2323 κεκοσμημένον
1126 2269 1280 2319 καλῶς.
1342 2268 1534 2311 ἐνθαῦτα
1567 2267 1628 2321 ιῦς

259 2338 543 2394 προσήλασαν
570 2335 611 2378 οἱ
639 2335 828 2378 ἱππόται
854 2333 964 2390 πρὸς
988 2333 1090 2385 τοὺς
1104 2331 1325 2391 Ἕλληνας,
1353 2338 1627 2391 προσέβαλον

261 2404 370 2448 κατὰ
394 2406 539 2447 τέλεα·
566 2403 888 2460 προσβαλόντες
915 2403 960 2445 δὲ
985 2401 1093 2445 κακὰ
1116 2403 1284 2459 μεγάλα
1309 2402 1535 2459 ἐργάζοντο
1555 2407 1626 2448 καὶ

205 2487 219 2511 2
261 2473 464 2530 γυναῖκάς
490 2488 628 2529 σφεας
654 2469 908 2514 ἀπεκάλεον.
957 2468 1067 2513 κατὰ
1093 2474 1315 2527 συντυχίην
1341 2472 1388 2514 δὲ
1412 2472 1628 2529 Μεγαρέες

265 2541 410 2595 ἔτυχον
435 2543 668 2593 ταχθέντες
698 2542 749 2595 τῇ
774 2556 822 2582 τε
845 2537 894 2582 τὸ
922 2537 1255 2592 ἐπιμαχώτατον
1286 2541 1335 2595 ἠν
1365 2544 1441 2583 τοῦ
1463 2546 1626 2597 χωρίου

263 2609 439 2661 παντός,
467 2610 539 2651 καὶ
565 2605 588 2664 ἡ
615 2608 837 2662 πρόσοδος
861 2607 1053 2660 μάλιστα
1077 2606 1210 2663 ταύτῃ
1234 2606 1392 2662 ἐγίνετο
1413 2612 1463 2665 τῇ
1483 2609 1625 2665 ἵππῳ.

262 2677 599 2733 προσβαλούσης
643 2670 699 2718 ὦν
742 2679 817 2731 τῆς
852 2675 996 2718 ἵππου
1041 2674 1083 2716 οἱ
1118 2674 1335 2731 Μεγαρέες
1376 2676 1627 2731 πιεζόμενοι

264 2746 459 2799 ἔπεμπον
481 2743 552 2788 ἐπὶ
580 2742 680 2796 τοὺς
707 2741 969 2801 στρατηγοὺς
994 2747 1079 2786 τιῦν
1095 2740 1299 2799 Ἑλλήνων
1323 2743 1494 2801 κήρυκα,
1523 2742 1628 2788 ἀπι-
