1747 3293
463 265 776 301 ΗΡΟΔΟΤΟΥ
806 267 850 300 H.
877 267 1065 302 179-183.
1367 258 1446 299 17],

175 334 341 390 Δελφοὶ
365 332 441 387 μέν
467 351 538 376 νυν
563 333 672 377 κατὰ
697 334 745 377 τὸ
769 336 1026 392 χρηστήριον
1059 336 1121 378 ἔτι
1152 337 1219 378 καὶ
1247 340 1318 379 νῦν
1348 334 1450 386 τοὺς
1475 348 1523 374 17⁹

90 398 273 454 ἀνέμους
293 400 560 444 ἱλάσκονται·
588 399 610 444 ὃ
633 402 678 444 δὲ
696 401 892 454 ναυτικὸς
906 405 1071 460 Ξέρξεω
1095 402 1277 483 στρατὸς
1293 400 1449 460 ὁρμεό-

87 483 215 522 μενος
234 467 278 510 ἐκ
294 467 457 525 Θέρμης
475 469 631 519 πόλιος
652 472 872 526 παρέβαλε
891 472 1014 525 νηυσὶ
1033 486 1133 527 τῃσι
1153 469 1310 526 ἄριστα
1329 472 1449 513 πλω-

89 535 246 592 ούσῃσι
279 535 379 578 δέκα
411 534 488 578 ἰθὺ
523 537 740 588 Σκιάθου,
777 537 886 580 ἔνθα
915 553 1022 593 ησαν
1053 538 1450 619 προφυλάσσουσαι

87 601 178 653 νέες
202 611 317 659 τρεῖς
337 601 588 660 Ἑλληνίδες,
626 605 845 661 Τροιζηνίη
872 621 918 647 τε
943 607 1013 647 καὶ
1037 605 1237 661 Αἰγιναίη
1270 607 1340 647 καὶ
1361 603 1446 648 Ατ-

87 669 195 725 τική.
256 670 511 727 προϊδόντες
543 671 589 713 δὲ
621 665 743 714 οὗτοι
779 670 857 721 τὰς
891 675 987 722 νέας
1024 676 1109 715 τῶν
1145 672 1375 728 βαρβάρων
1408 671 1449 722 ἐς

88 735 226 792 φυγὴν
253 733 470 793 ὥρμησαν.
529 737 603 793 τὴν
627 739 703 791 μὲν
735 737 785 794 δὴ
816 738 1072 794 Τροιζηνίην,
1105 743 1180 795 τῆς
1210 733 1308 795 ἦρχε
1334 747 1449 794 Πρη-
1474 751 1523 776 180

88 805 221 856 ξῐνος,
267 802 421 846 αὐτίκα
457 805 651 860 αἱρέουσι
689 804 978 859 ἐπισπόμενοι
1017 805 1059 847 οἱ
1099 806 1333 862 βάρβαροι,
1378 808 1449 848 καὶ

88 871 256 914 ἔπειτεν
280 875 365 914 τῶν
391 870 632 950 ἐπιβατέων
658 870 788 928 αὐτῆς
812 871 886 914 τὸν
911 873 1242 914 καλλιστεύοντα
1268 870 1449 927 ἀγαγόν-

87 954 157 988 τες
183 937 256 980 ἐπὶ
280 956 354 993 την
379 938 557 995 πριόρην
582 942 632 994 τῆ
637 955 657 989 ς
687 938 782 989 νεὸς
808 939 1012 996 εσφαξαν,
1048 939 1264 990 διαδέξιον
1296 940 1449 982 ποιεύ-

4 1056 7 1068 ⁴
86 1020 209 1058 μενοι
232 1003 306 1048 τὸν
332 1004 444 1047 εἷλον
469 1009 553 1047 τῶν
575 977 815 1062 Ἑλλήνιον
806 1010 980 1062 πρῶτον
1005 1008 1077 1049 καὶ
1101 1007 1343 1049 κάλλιστον.
1388 1011 1448 1048 τῶ

1 1075 7 1135 ξ
88 1073 136 1115 δὲ
161 1075 483 1152 σφαγιασθέντι
513 1074 652 1129 τοτ’-τω
687 1070 850 1127 ου’νοιια
874 1075 898 1129 ἠ
905 1091 924 1115 ν
949 1078 1092 1117 Λέων·
1131 1074 1242 1126 τάχα
1265 1071 1313 1116 ’δ’
1332 1071 1382 1116 ἄν
1407 1091 1448 1116 τι

87 1141 159 1183 καὶ
182 1144 258 1183 τοῦ
286 1138 523 1194 οὐνόματος
549 1139 799 1197 ἐταιροιτο
844 1159 867 1196 η
895 1141 939 1183 δὲ
965 1141 1180 1196 Αἰγιναίη,
1207 1145 1283 1197 τῆς
1309 1158 1449 1197 ετριη-
1475 1154 1522 1179 131

0 1213 5 1236 ¹¹
88 1208 240 1265 ράρχεε
260 1205 499 1264 Ἀσωνίδης,
527 1211 600 1250 καί
623 1209 718 1251 τινά
745 1224 826 1264 σφι
851 1209 1045 1265 θόρυβον
1071 1211 1259 1265 παρέσχε
1286 1212 1447 1251 Πυθέω

87 1278 164 1318 τοῦ
191 1272 396 1328 Ἰσχενόου
429 1274 778 1329 ἐπιβατεύοντος,
819 1274 974 1333 ἀνδρὸς
1005 1273 1184 1331 ἀρίστου
1222 1280 1448 1331 γενομένου

87 1342 245 1398 ταύτην
275 1340 350 1397 τὴν
380 1340 557 1399 ἡμέρην,
592 1342 639 1393 ὃς
665 1341 815 1398 ἐπειδὴ
842 1341 866 1398 ἡ
899 1347 998 1398 νηῦς
1023 1341 1219 1398 ἡλίσκετο
1252 1342 1295 1393 ἐς
1319 1347 1447 1386 τοῦτο

88 1406 254 1462 ἆντεῖχε
272 1409 514 1463 μαχόμενος
540 1408 582 1460 ἐς
602 1407 627 1453 ὅ
652 1411 1023 1466 κατεκρεουργήθη
1046 1407 1176 1461 ἅπας.
1216 1408 1276 1461 ῶς
1302 1411 1347 1453 δὲ
1371 1427 1449 1453 πε-

89 1476 176 1520 σὼν
202 1474 278 1519 οὐκ
302 1474 500 1519 ἀπέθανε
526 1475 615 1519 ἀλλ’
631 1471 679 1533 ἦν
706 1477 904 1530 ἔμπνοος,
934 1477 975 1520 οἷ
994 1477 1170 1533 Πέρσαι,
1200 1477 1326 1533 οἵπερ
1349 1477 1448 1519 ἐπε-

86 1544 269 1599 βάτευον
295 1543 369 1587 ἐπὶ
393 1548 478 1587 τῶν
497 1548 613 1595 νεῶν,
643 1542 696 1587 δι’
715 1543 865 1601 ἀρετὴν
885 1543 957 1601 τὴν
978 1544 1137 1587 ἐκείνου
1159 1548 1450 1600 περιποιῆσαί

86 1629 160 1665 μιν
186 1613 287 1667 περὶ
313 1613 519 1655 πλείστου
547 1611 830 1667 ἐποιήσαντο,
872 1613 1084 1668 σμύρνῃσί
1114 1629 1158 1655 τε
1186 1612 1373 1666 ιἐύμενοι
1396 1611 1450 1654 τὰ

88 1678 212 1722 ἕλκεα
246 1681 317 1721 καὶ
355 1679 547 1730 σινδόνος
588 1684 792 1735 βυσσίνης
832 1681 1053 1733 τελαμῶσι
1094 1681 1447 1730 κατειλίσσοντες.

87 1751 160 1789 καί
183 1764 268 1800 μιν,
303 1744 361 1797 ὥς
387 1744 531 1790 ὀπίσω
559 1745 765 1790 ἀπίκοντο
792 1745 835 1797 ἐς
859 1746 907 1789 τὸ
937 1747 1107 1789 ἑωυτῶν
1139 1747 1446 1803 στρατόπεδον,

88 1813 392 1857 ἐπεδείκνυσαν
407 1813 742 1869 ἐκπαγλεόμενοι
761 1814 882 1870 πάσῃ
902 1819 952 1870 τῇ
969 1818 1148 1871 στρατιῇ
1168 1818 1448 1869 περιέποντες

88 1875 149 1925 εὖ.
208 1880 310 1932 τοὺς
336 1882 382 1924 δὲ
407 1880 563 1931 ἄλλους
592 1880 694 1932 τοὺς
720 1881 872 1934 ἔλαβον
904 1880 946 1923 ἐν
970 1886 1021 1936 τῇ
1048 1883 1115 1937 νηὶ
1140 1881 1290 1937 ταύτῃ,
1324 1896 1449 1936 περι-

89 1957 213 1992 εῖπον
239 1947 299 2000 ῶς
324 1947 592 2005 ἀνδράποδα.
633 1949 678 1990 αἱ
702 1949 777 2002 μὲν
804 1947 853 2003 δη
881 1949 957 1990 δύο
977 1953 1062 1990 τῶν
1082 1952 1185 1991 νεῶν
1207 1945 1319 1990 οἷ”τω
1342 1947 1448 2000 ἐχει-
1474 1961 1522 1987 182

88 2016 309 2072 ρώθησαν,
337 2014 361 2072 ἡ
390 2016 435 2058 δὲ
459 2019 592 2072 τρίτη,
619 2020 694 2072 τῆς
716 2015 986 2072 ἐτριηράρχεε
1010 2016 1181 2071 Φόρμος
1202 2014 1305 2071 ἀνὴρ
1322 2013 1449 2070 ,Ἀθη-

88 2091 225 2135 ναῖος,
264 2083 486 2139 φεύγουσα
518 2083 726 2135 ἐξοκέλλει
759 2082 801 2132 ἐς
830 2082 908 2133 τὰς
940 2082 1118 2137 ἐκβολὰς
1148 2087 1223 2125 τοῦ
1252 2088 1447 2139 Πηνειοῦ,

88 2153 160 2194 καὶ
194 2154 271 2193 τοῦ
307 2151 383 2204 μὲν
420 2151 610 2207 σκάφεος
647 2150 884 2207 ἐκράτησαν
921 2151 962 2193 οἱ
1002 2151 1236 2206 βάρβαροι,
1281 2155 1366 2193 τῶν
1404 2151 1449 2193 δὲ

90 2217 254 2274 ἀνδρῶν
293 2215 363 2260 οὔ·
402 2216 461 2269 ῶς
496 2217 576 2275 γὰρ
614 2217 664 2274 δὴ
700 2218 884 2270 τάχιστα
921 2217 1158 2261 ἐπώκειλαν
1194 2217 1268 2273 τὴν
1305 2218 1378 2261 νέα
1409 2218 1450 2260 οἱ

86 2283 326 2340 Ἀθηναῖοι,
377 2283 679 2342 ἀποθορόντες
727 2284 835 2328 κατὰ
880 2287 1113 2341 Θεσσαλίην
1162 2287 1448 2342 πορευόμενοι

91 2352 388 2407 ἐκομίσθησαν
415 2351 457 2403 ἐς
477 2350 671 2407 Ἀθήνας.

181 2423 322 2462 Ταῦτα
360 2419 402 2461 οἱ
426 2416 620 2475 Ἕλληνες
657 2419 698 2462 οἱ
735 2417 1068 2476 ἐπ’ᾌρτεμισίῳ
1107 2420 1450 2476 στρατοπεδευό-

92 2503 214 2540 μενοι
232 2486 531 2529 πυνθάνονται
551 2486 672 2542 παρὰ
691 2491 869 2541 πυρσῶν
892 2486 935 2528 ἐκ
949 2488 1161 2529 Σκιάθου.
1201 2487 1449 2539 πυθόμενοι

95 2555 141 2596 δὲ
170 2555 241 2596 καὶ
271 2553 676 2608 καταρρωδήσαντες
707 2551 796 2596 ἀπὸ
828 2557 904 2596 τοῦ
934 2551 1197 2608 Ἀρτεμισίου
1235 2558 1450 2609 μετωρμί-

96 2623 216 2674 ζοντο
238 2620 280 2672 ἐς
299 2620 505 2670 Χαλκίδα,
534 2620 795 2676 φυλάξοντες
813 2621 888 2673 μὲν
907 2620 980 2662 τὸν
994 2618 1202 2674 Εὔριπον,
1231 2622 1450 2671 λείποντες

97 2690 143 2731 δὲ
172 2686 502 2744 ἡμεροσκόπους
532 2689 633 2743 περὶ
664 2686 718 2729 τὰ
747 2685 896 2743 ὑψηλὰ
924 2691 999 2743 τῆς
1028 2686 1228 2744 Εὐβοίης.
1288 2692 1373 2730 τῶν
1405 2689 1450 2730 δὲ
1476 2701 1524 2726 18³

98 2756 199 2798 δέκα
228 2759 332 2798 νεῶν
361 2759 445 2798 τῶν
475 2755 705 2811 βαρβάρων
734 2763 848 2811 τρεῖς
879 2754 1099 2810 ἐπήλασαν
1129 2757 1229 2811 περὶ
1260 2755 1309 2798 τὸ
1343 2755 1450 2811 ἕρμα
