1747 3293
425 260 740 295 ΗΡΟΔΟΤΟΥ
768 260 810 294 Ε.
837 259 983 294 37-40.
1332 249 1383 289 15

25 329 351 386 μηχανεόμενος.
390 331 461 371 καὶ
486 333 641 385 πρῶτα
664 329 740 383 μὲν
765 329 878 385 λόγῳ
903 328 1047 382 μετεὶς
1064 325 1139 383 τὴν
1157 326 1386 383 τυραννίδα

27 397 248 454 ἰσονομίην
274 396 420 440 ἐποίεε
444 401 494 454 τῇ
519 397 711 453 Μιλήτῳ,
740 395 798 447 ὥς
824 395 875 439 ἂν
901 395 1067 446 ἑκόντες
1092 393 1208 451 αὐτῷ
1235 394 1278 436 οἱ
1300 401 1385 436 Μι-

27 465 171 521 λήσιοι
209 468 570 516 συναπισταίατο,
614 464 723 518 μετὰ
761 465 806 506 δὲ
840 466 912 506 καὶ
948 463 990 506 ἐν
1026 467 1077 520 τῇ
1114 460 1219 520 ἄλλῃ
1252 459 1386 517 Ἰωνίῃ

24 530 166 575 τώυτὸ
191 537 320 575 τοῦτο
347 531 509 583 ἐποίεε,
541 531 642 583 τοὺς
671 533 748 586 μὲν
779 531 1013 584 ἐξελαύνων
1036 535 1123 574 τιῦν
1153 530 1384 587 τυράννων,

25 598 126 650 τοὺς
159 597 198 641 δ’
217 599 343 653 ἔλαβε
373 600 605 657 τυράψνους
636 597 726 642 ἀπὸ
758 604 844 642 τῶν
874 603 979 642 νεῶν
1004 603 1089 641 τιῦν
1121 599 1388 652 συμπλωσα-

29 670 138 709 σέων
164 667 238 710 ἐπὶ
262 668 418 719 Νάξον,
451 667 631 717 τούτους
657 668 704 709 δὲ
729 669 837 723 φίλα
860 667 1125 720 βουλόμενος
1149 669 1390 709 ποιέεσθαι

7 733 128 792 Ιτῇσι
151 735 305 777 πόλισι
331 734 540 786 ἐξεδίδου,
569 733 697 776 ἄλλον
723 733 766 784 ἐς
792 731 922 789 ἄλλην
947 734 1076 776 πόλιν
1102 733 1387 788 παραδιδούς,

29 798 136 844 ὅθεν
173 802 237 858 εἴη
276 801 464 852 ἕκαστος.
530 802 657 857 Κιόην
697 805 774 855 μέν
810 819 881 844 νυν
916 803 1203 857 ᾸΙυτιληναῖοι
1246 800 1389 843 ἐπείτε

27 869 210 921 τάχιστα
235 870 493 925 παρέλαβον,
523 868 799 924 ἐξαγαγόντες
823 870 1093 919 κατέλευσαν,
1126 875 1319 921 Κυμαῖοι
1345 868 1392 909 δὲ

27 936 101 979 τὸν
127 939 334 992 σφέτερον
360 933 502 978 αὐτῶν
528 934 717 992 ἀπῆκαν·
745 936 804 986 ὥς
830 937 876 978 δὲ
900 938 971 978 καὶ
998 934 1122 978 ἄλλοι
1143 935 1185 978 οἱ
1210 937 1390 984 πλεῦνες

30 1002 229 1046 ἀπίεσαν.
284 1004 499 1059 τυράννων
523 1007 599 1058 μέν
625 1021 695 1046 νυν
720 1005 996 1055 κατάπαυσις
1023 1003 1182 1058 ἐγίνετο
1209 1002 1290 1045 ἀνὰ
1314 1001 1393 1052 τὰς

32 1072 180 1121 πόλις·
213 1068 514 1128 Ἀρισταγόρης
551 1072 597 1114 δὲ
635 1070 656 1114 ὁ
688 1072 902 1128 Μιλήσιος
939 1070 998 1122 ὥς
1028 1070 1130 1122 τοὺς
1159 1070 1393 1127 τυράννους

29 1142 292 1189 κατέπαυσε,
327 1138 588 1196 στρατηγοὺς
619 1138 660 1181 ἒν
693 1138 848 1195 ἑκάστῃ
880 1143 965 1181 τῶν
991 1140 1157 1182 πολίων
1188 1138 1393 1188 κελεύσας

31 1206 236 1257 ἑκάστους
278 1211 563 1262 καταστῆσαι,
611 1207 790 1262 δεύτερα
833 1206 963 1257 αι’-τὸς
1007 1206 1050 1257 ές
1085 1207 1393 1260 Λακεδαίμονα

29 1275 196 1330 τριήρεϊ
220 1272 468 1324 ἀπόστολος
495 1274 674 1330 ἐγίνετο·
708 1274 798 1317 ἔδεε
823 1274 904 1332 γὰρ
932 1273 981 1331 δὴ
1009 1278 1253 1330 συμμαχίης
1277 1273 1393 1323 τινός

32 1341 75 1383 οἱ
97 1342 284 1398 μεγάλης
311 1342 602 1398 ἐξευρεθῆναι.

121 1414 200 1465 Τῆς
226 1410 272 1452 δὲ
296 1411 502 1466 Σπάρτης
522 1409 847 1467 Ἀναξανδρίδης
876 1411 952 1464 μὲν
982 1408 1004 1452 ὃ
1032 1413 1220 1460 Λέοντος
1252 1406 1391 1450 οὗκέτι

30 1476 217 1534 περιεὼν
253 1476 476 1532 ἐβασίλευε
513 1476 601 1519 ἀλλ’
626 1478 956 1534 ἐτετελευτήκεε,
1001 1479 1243 1531 Κλεομένης
1286 1477 1332 1518 δὲ
1369 1474 1390 1517 ὁ

28 1543 358 1601 Ξίναξανδρίδεω
391 1543 475 1598 εἶχε
505 1544 580 1601 τὴν
610 1547 857 1601 βασιληίην,
898 1544 947 1587 οὗ
979 1542 1072 1587 κατ’
1098 1543 1394 1600 ἀνδραγαθίην

33 1611 146 1664 σχὼν
172 1610 280 1654 ἀλλὰ
305 1611 413 1654 κατὰ
437 1616 570 1667 γένος.
614 1610 913 1668 ,Ἀναξανδρίδῃ
938 1611 1018 1668 γὰρ
1053 1611 1190 1664 ἔχοντι
1216 1620 1395 1667 γυναῖκα

34 1678 246 1736 ἀδελφεῆς
272 1678 431 1722 ἑωυτοῦ
457 1683 697 1736 θυγατέρα,
731 1682 802 1722 καὶ
829 1679 984 1735 ἐούσης
1008 1680 1164 1735 ταύτης
1190 1679 1232 1721 οἱ
1263 1695 1394 1720 κατα-

32 1751 209 1803 θυμίης,
236 1748 392 1797 παῖδες
417 1745 493 1790 οὐκ
519 1746 718 1802 ἐγίνοντο.
767 1747 923 1789 τούτου
951 1748 997 1789 δὲ
1020 1747 1220 1789 τοιούτου
1249 1745 1394 1796 ἐόντος

35 1815 78 1857 οἱ
97 1814 251 1871 ἔφοροι
271 1812 398 1857 εἶπαν
418 1813 777 1868 ἐπικαλεσάμενοι
797 1813 926 1857 αὐτὸν
942 1812 1017 1856 “εἰ’
1032 1830 1100 1857 τοι
1122 1814 1173 1856 ου’
1194 1830 1241 1869 γε
1261 1829 1397 1856 σεωυ-

33 1886 109 1925 τοῦ
146 1882 203 1937 μὴ
239 1886 451 1938 προορᾷς,
491 1880 580 1924 ἀλλ’
603 1880 704 1937 ἡμῖν
740 1882 869 1925 τοῦτό
908 1881 999 1924 ἐστι
1037 1879 1086 1923 οὗ
1120 1885 1393 1937 περιοπτέον,

34 1953 154 2004 γένος
178 1948 226 1991 τὸ
252 1948 553 2006 Εὐρυσθένεος
576 1954 783 2005 γενέσθαι
809 1949 1010 2005 ἐξίτηλον.
1051 1949 1101 1991 σύ
1128 1967 1199 1991 νυν
1224 1948 1297 2006 τὴν
1322 1950 1398 2003 μὲν

37 2017 145 2070 ἔχεις
168 2025 357 2072 γυναῖκα,
387 2016 530 2059 ἐπείτε
556 2034 624 2060 τοι
649 2017 697 2060 οὐ
719 2022 864 2067 τίκτει,
893 2017 996 2069 ἔξεο,
1027 2014 1156 2072 ἄλλην
1177 2017 1224 2059 δὲ
1242 2021 1396 2072 γῆμον·

36 2087 108 2127 καὶ
133 2084 295 2127 ποιέων
325 2089 462 2127 ταῦτα
485 2086 787 2142 Σπαρτιήτῃσι
814 2083 1027 2141 ἆδήσεις.”
1079 2082 1101 2126 ὁ
1137 2082 1176 2126 δ’
1195 2083 1397 2138 ἀμείβετο

39 2151 126 2208 φὰς
143 2152 306 2194 τούτων
327 2150 530 2208 οὐδέτερα
548 2153 761 2208 ποιήσειν,
791 2152 974 2203 ἐκείνους
993 2169 1039 2194 τε
1061 2149 1109 2194 οὗ
1130 2154 1271 2202 καλῶς
1292 2168 1399 2205 συμ-

38 2220 256 2273 βουλεύειν
282 2224 604 2276 παραινέοντας,
632 2219 706 2276 τὴν
727 2220 809 2273 ἔχει
829 2229 1007 2275 γυναῖκα
1027 2219 1181 2263 ἐοῦσαν
1208 2218 1400 2276 ἀναμάρ-

39 2303 165 2343 τητον
198 2286 362 2344 ἑωυτῷ,
402 2289 558 2343 ταύτην
590 2286 755 2330 ἀπέντα
787 2285 916 2343 ἄλλην
949 2287 1264 2343 ἐσαγαγέσθαι·
1303 2285 1403 2330 οὗδέ

42 2370 124 2412 σφι
154 2359 408 2398 πείσεσθαι.
468 2354 581 2410 πρὸς
610 2360 747 2398 ταῦτα
779 2355 821 2397 οἱ
852 2355 1005 2411 ἔφοροι
1038 2358 1109 2397 καὶ
1137 2355 1177 2397 οἱ
1207 2359 1401 2410 γέροντες

41 2424 379 2476 βουλευσάμενοι
399 2423 671 2479 προσέφερον
687 2421 984 2479 Ἀναξανδρίδῃ
1006 2423 1123 2465 τάδε.
1156 2420 1287 2465 “gnei
1312 2427 1402 2464 τοί-

43 2507 116 2532 νυν
146 2491 449 2543 περιεχόμενόν
481 2507 527 2533 σε
561 2489 738 2546 ὁρέομεν
768 2494 844 2546 τῆς
876 2490 984 2542 ἔχεις
1015 2490 1232 2544 γυναικός,
1273 2489 1323 2532 σὺ
1358 2490 1403 2532 δὲ

46 2562 180 2600 ταῦτα
201 2561 336 2607 ποίεε,
363 2559 434 2598 καὶ
453 2556 510 2612 μὴ
532 2555 747 2610 ἀντίβαινε
766 2557 973 2607 τούτοισι,
1001 2556 1071 2598 ἵνα
1089 2556 1146 2611 μή
1166 2573 1208 2597 τι
1229 2554 1404 2599 ἀλλοῖον

45 2627 149 2679 περὶ
185 2628 257 2667 σεῦ
289 2629 558 2680 Σπαρτιῆται
590 2624 923 2678 βουλεύσωνται.
983 2621 1181 2678 γυναικὸς
1216 2623 1294 2676 μὲν
1330 2628 1405 2680 τῆς

47 2693 156 2746 ἔχεις
181 2690 229 2734 οὗ
256 2692 570 2748 προσδεόμεθά
604 2707 676 2734 σευ
713 2695 787 2745 τῆς
820 2690 1000 2742 ἐξέσιος·
1040 2689 1091 2733 σὺ
1124 2690 1169 2732 δὲ
1199 2692 1333 2749 ταύτῃ
1359 2708 1406 2734 τε

48 2761 192 2804 πάντα
218 2757 300 2803 ὅσα
324 2764 395 2802 νῦν
420 2763 621 2815 παρέχεις
653 2759 830 2815 πάρεχε,
864 2760 935 2800 καὶ
969 2755 1098 2815 ἄλλην
1130 2756 1242 2812 πρὸς
1272 2759 1405 2815 ταύτῃ

1414 811 1447 836 38

1417 1421 1450 1446 39

1426 2368 1460 2392 40
