1747 3293
202 1986 234 2012 51

254 271 336 314 126
664 274 979 310 ΗΡΟΔΟΤΟΥ
1008 273 1054 307 Η.
1078 273 1132 308 50.
1159 273 1213 308 51.

252 348 326 392 ἐπὶ
352 352 411 403 τῷ
439 345 525 389 αἰεὶ
552 345 887 400 ἐπεσφερομένῳ
914 342 1138 399 πρήγματι
1162 340 1212 384 τὸ
1233 345 1320 384 πᾶν
1341 339 1505 396 ὁμοίως
1523 340 1622 385 ἐπι-

254 418 476 471 λέγεσθαι,
504 412 738 468 ποιήσειας
764 409 814 453 ἂν
841 408 1013 464 οὐδαμὰ
1040 407 1182 453 οὐδέν·
1207 409 1385 467 κρέσσον
1413 410 1459 452 δὲ
1477 409 1622 452 πάντα

252 485 502 537 θαρσέοντα
520 477 651 536 ἥμισυ
672 483 757 522 τῶν
780 479 929 522 δεινῶν
948 478 1132 531 πάσχειν
1152 476 1354 534 μᾶλλονῆ
1375 482 1462 520 πᾶν
1478 480 1622 533 χρῆμα

253 549 619 605 προδειμαίνοντα
643 545 824 604 μηδαμὰ
842 546 973 602 μηδὲν
998 550 1179 589 παθεῖν.
1218 545 1256 588 εἰ
1276 545 1322 587 δὲ
1343 544 1491 602 ἐρίζων
1510 543 1623 600 πρὸς

253 622 340 660 πᾶν
365 615 414 659 τὸ
441 615 669 672 λεγόμενον
693 613 751 672 μὴ
777 613 826 658 τὸ
851 618 1029 668 βέβαιον
1056 611 1304 665 ἀποδέξεις,
1339 613 1623 670 σφάλλεσθαι

254 683 447 742 ὀφείλεις
485 683 526 727 έν
565 681 739 727 αύτοῐσι
776 681 940 737 ὁμοίως
977 683 1048 724 καὶ
1085 679 1108 724 ὃ
1146 679 1383 724 ὑπεναντία
1425 680 1624 723 τούτοισι

254 753 391 805 λέξας.
429 756 557 796 τοῦτο
583 755 659 806 μέν
685 769 756 794 νυν
783 747 849 793 ἐπ’
866 750 963 806 >ι’σης
989 748 1096 802 ἔχει·
1124 748 1284 792 εἰδέναι
1310 749 1356 791 δὲ
1382 745 1623 804 ἄνθρωπον

257 819 382 864 ἐόντα
413 825 498 871 κῶς
525 818 604 876 χρὴ
636 818 684 863 τὸ
716 822 916 874 βέβαιον,-
955 818 1089 860 δοκέω
1120 817 1197 871 μὲν
1230 815 1447 871 οὐδαμῶς.
1507 824 1625 858 τοῖσι

255 893 396 932 τοίνυν
416 889 720 942 βουλομένοισι
740 890 906 930 ποιέειν
928 883 987 936 ῶς
1005 884 1054 929 τὸ
1076 884 1240 928 ἐπίπαν
1261 886 1403 942 φιλέει
1422 887 1626 941 γίνεσθαι

255 955 310 999 τὰ
335 956 499 1012 κέρδεα,
527 964 645 999 τοῖσι
671 955 717 998 δὲ
743 954 1091 1010 ἐπιλεγομένοισί
1108 969 1155 996 τε
1174 952 1319 996 πάντα
1338 954 1410 995 καὶ
1430 951 1627 996 ὀκνέουσι

257 1023 305 1067 οὗ
332 1025 450 1078 μάλα
477 1023 636 1067 ἐθέλει.
675 1021 780 1080 ὁρᾷς
804 1022 859 1065 τὰ
879 1025 1080 1079 Περσέων
1105 1020 1340 1078 πρήγματα
1366 1019 1409 1072 ές
1427 1019 1477 1064 τὸ
1499 1019 1627 1063 δυνά-

255 1108 357 1147 μιος
386 1092 701 1148 προκεχώρηκε.
764 1090 802 1133 εἰ
832 1094 975 1132 τοίνυν
1007 1088 1162 1132 ἐκεῖνοι
1195 1089 1237 1132 οἱ
1267 1088 1354 1144 πρὸ
1382 1087 1483 1143 ἐμεῦ
1508 1087 1628 1144 γενό-

256 1175 380 1214 μενοι
403 1161 603 1214 βασιλέες
633 1158 829 1214 γνώμῃσι
861 1157 1056 1215 ἐχρέοντο
1089 1156 1268 1213 ὁμοίῃσι
1298 1158 1371 1199 καὶ
1402 1156 1473 1208 σύ,
1512 1152 1539 1211 ἢ
1569 1153 1627 1211 μὴ

255 1228 481 1284 χρεόμενοι
514 1227 709 1283 γνώμῃσι
744 1226 975 1282 τοιαύτῃσι
1013 1222 1169 1275 ἄλλους
1207 1224 1479 1279 συμβούλους
1516 1220 1628 1276 εἶχον

257 1295 502 1346 τοιούτους,
533 1292 607 1337 ούκ
634 1291 684 1336 ἄν
709 1309 807 1336 κοτε
833 1290 944 1343 εἶδες
971 1290 1081 1335 αὐτὰ
1107 1291 1149 1342 ές
1173 1296 1302 1335 τοῦτο
1328 1291 1628 1348 προελθόντα·

257 1367 327 1405 νῦν
354 1363 400 1405 δὲ
424 1362 644 1411 κινδύνους
671 1359 1031 1418 ἀναρριπτέοντες
1057 1360 1099 1411 ές
1124 1360 1253 1403 τοῦτό
1287 1375 1403 1416 σφεα
1433 1359 1630 1416 προηγά-

257 1446 396 1486 γοντο.
434 1429 602 1484 μεγάλα
626 1427 706 1484 γὰρ
727 1428 961 1485 πρήγματα
979 1429 1207 1484 μεγάλοισι
1227 1428 1463 1472 κινδύνοισι
1483 1426 1628 1470 ἐθέλει

257 1501 585 1553 καταιρέεσθαι.
647 1495 770 1552 ἡμεῖς
800 1500 942 1539 τοίνυν
975 1495 1249 1550 ὁμοιεύμενοι
1281 1495 1481 1539 ἐκείνοισι
1516 1491 1628 1551 ὥρην

258 1583 303 1609 τε
324 1569 400 1609 τοῦ
422 1564 540 1616 ἔτεος
552 1566 780 1620 καλλίστην
799 1564 1099 1621 πορευόμεθα,
1128 1566 1198 1607 καὶ
1219 1564 1628 1621 καταστρεψάμενοι

257 1638 406 1677 πᾶσαν
430 1632 506 1689 τὴν
531 1631 751 1690 Εὐρώπην
776 1632 1040 1688 νοστήσομεν
1067 1629 1225 1684 ὀπίσω,
1255 1629 1354 1676 οὕτε
1379 1634 1492 1688 λιμῶ
1513 1630 1629 1674 ἔντυ-

255 1702 403 1756 χόντες
430 1699 654 1756 οὐδαμόθι
681 1698 779 1744 οὕτε
806 1698 911 1744 ἄλλο
932 1698 1062 1757 ἄχαρι
1083 1699 1204 1744 οῦδὲν
1225 1701 1462 1751 παθόντες.
1500 1703 1628 1743 τοῦτο

258 1771 334 1824 μὲν
365 1769 445 1826 γὰρ
484 1768 611 1812 αι’-τοὶ
648 1768 812 1826 πολλὴν
849 1767 1016 1825 φορβὴν
1054 1769 1289 1826 φερόμενοι
1324 1768 1627 1827 πορευόμεθα,

258 1842 387 1880 τοῦτο
416 1838 479 1888 δέ,
512 1842 598 1880 τῶν
625 1835 675 1880 ἀν
700 1854 775 1880 κου
804 1837 1046 1892 ἐπιβέωμεν
1077 1838 1255 1894 γῆνκαὶ
1287 1836 1434 1889 έθνος,
1467 1836 1630 1880 τούτων

258 1904 333 1948 τὸν
360 1913 479 1948 σῖτον
506 1905 673 1959 ε’ξοιιεν
707 1903 773 1948 ἐπ’
791 1902 1006 1962 ἀροτῆρας
1033 1905 1079 1948 δὲ
1103 1907 1175 1948 καὶ
1201 1902 1249 1948 οὗ
1281 1905 1475 1959 νομάδας
1501 1919 1631 1985 στρα-

260 1973 485 2027 τευόμεθα
528 1970 699 2028 ἄνδρας.
699 1971 725 1987 ”
788 1973 902 2029 λέγει
934 1972 1192 2030 Λρτάβανος
1233 1972 1344 2028 μετὰ
1385 1977 1523 2016 ταῦτα
1562 1965 1630 2014 “ῶ

259 2042 457 2096 βασιλεῦ,
492 2040 636 2084 επείτε
662 2039 894 2098 ἀρρωδέειν
920 2039 1088 2084 οὐδέν’
1070 2046 1143 2099 εᾷς
1167 2046 1364 2099 πρῆγμα,
1399 2039 1450 2084 σὺ
1479 2041 1525 2085 δέ
1550 2058 1629 2096 μευ

262 2110 525 2165 συμβουλίην
563 2108 747 2161 ἔνδεξαι·
793 2108 1034 2165 ἀναγκαίως
1071 2108 1150 2166 γὰρ
1190 2109 1275 2162 ἔχει
1317 2111 1421 2166 περὶ
1456 2111 1630 2153 πολλῶν

260 2177 525 2234 πρηγμάτων
551 2178 716 2220 πλεῦνα
747 2177 874 2233 λόγον
900 2176 1096 2220 ἐκτεῖναι.
1157 2182 1299 2235 Κῦρος
1332 2175 1354 2220 ὃ
1381 2177 1628 2233 Καμβύσεω

255 2243 414 2301 Ἰωνίην
439 2249 587 2288 πᾶσαν
613 2243 973 2302 πληνᾏθηναίων
999 2250 1324 2302 κατεστρέψατο
1348 2245 1631 2303 δασμοφόρον

261 2311 372 2356 εἶναι
396 2317 602 2370 Πέρσῃσι.
652 2313 832 2364 τούτους
859 2307 917 2356 ῶν
943 2312 1042 2364 τοὺς
1069 2311 1227 2368 ἄνδρας
1253 2314 1534 2368 συμβουλεύω
1561 2331 1631 2357 τοι

258 2382 447 2438 μηδεμιῇ
479 2386 644 2438 μηχανῇ
678 2378 795 2437 ἄγειν
829 2380 903 2424 ἐπὶ
933 2380 1034 2432 τοὺς
1065 2385 1277 2437 πατέρας·
1315 2383 1386 2424 καὶ
1416 2379 1497 2439 γὰρ
1531 2379 1630 2425 ἄνευ

258 2449 423 2492 τούτων
450 2448 538 2493 οἷοί
561 2453 609 2492 τέ
634 2449 750 2503 εἰμεν
775 2454 861 2492 τῶν
889 2449 1058 2505 ἐχθρῶν
1078 2452 1391 2506 κατυπέρτεροι
1410 2453 1629 2506 γίνεσθαι.

260 2515 285 2573 ἢ
305 2518 386 2575 γάρ
408 2533 559 2574 σφεας,
582 2515 630 2574 ἢν
653 2517 856 2570 ἕπωνται,
881 2518 949 2560 δεῖ
962 2515 1259 2569 ἀδικωτάτους
1276 2521 1482 2573 γίνεσθαι
1500 2535 1631 2561 κατα-

262 2585 574 2639 δουλουμένους
604 2584 678 2642 τὴν
708 2586 992 2642 μητρόπολιν,
1032 2583 1059 2642 ἢ
1092 2586 1396 2637 δικαιοτάτους
1435 2588 1631 2630 συνελευ-

259 2657 512 2710 θεροῦντας.
575 2652 840 2697 ἀδικώτατοι
870 2657 946 2709 μέν
977 2671 1047 2697 νυν
1078 2654 1296 2710 γινόμενοι
1328 2651 1450 2697 οὐδὲν
1480 2655 1630 2712 κέρδος

260 2721 369 2778 μέγα
399 2719 500 2778 ἡμῖν
531 2722 880 2778 προσβάλλουσι,
918 2722 1189 2765 δικαιότατοι
1221 2723 1267 2765 δὲ
1296 2723 1515 2778 γινόμενοι
1541 2721 1629 2766 οἷοί

260 2807 304 2832 τι
336 2790 615 2846 δηλήσασθαι
645 2791 844 2847 μεγάλως
874 2789 947 2847 τὴν
980 2790 1056 2847 σὴν
1088 2789 1291 2846 στρατιὴν
1321 2794 1524 2847 γίνονται.
1587 2789 1630 2841 ἐς
